4392 6850
1479 917 1622 987 310
2198 922 2609 977 commun
2656 922 3105 977 PURGATonn

1475 1075 1666 1151 sicut
1721 1072 1964 1147 adhuc
2018 1076 2325 1167 apparet
2389 1069 2469 1142 in
2534 1068 2977 1164 quibusdam
3042 1068 3243 1143 libris
3312 1070 3630 1145 miniatis
3698 1090 3826 1165 per

1477 1215 1700 1287 eum3
1753 1192 1918 1268 ideo
1968 1190 2092 1265 dat
2141 1190 2274 1266 sibi
2326 1190 2648 1285 palmam
2704 1188 2925 1263 huius
2972 1190 3175 1284 artis,
3226 1190 3520 1267 dicens:
3574 1194 3827 1265 l’ouor

1478 1312 1519 1390 e*
1565 1321 1731 1387 mtto
1797 1334 1886 1386 or
1951 1334 2106 1405 suo,
2171 1311 2346 1406 quia
2406 1309 2679 1385 scilicet
2738 1310 2893 1405 ipse
2954 1316 3151 1387 tenet
3206 1310 3519 1406 apicem,
3582 1334 3623 1385 e
3690 1315 3827 1385 mio

1475 1438 1552 1509 in
1591 1440 1828 1527 parte,
1877 1431 2381 1525 solummodo;
2430 1436 2505 1507 et
2552 1430 2843 1505 subdit:
2912 1432 3041 1505 ben
3096 1453 3243 1505 non
3298 1435 3487 1507 sare'
3510 1436 3581 1506 io
3648 1440 3827 1505 stato

1475 1546 1538 1629 εὶ
1585 1560 1872 1644 cortese,
1925 1552 2116 1627 sicut
2187 1550 2409 1628 modo
2468 1572 2663 1645 sum,
2716 1558 2979 1625 mentre
3026 1554 3129 1625 αι’
3153 1555 3225 1625 io
3284 1556 3473 1647 visst,
3530 1560 3607 1627 et
3656 1572 3827 1627 ecce

1479 1696 1802 1769 causam,
1843 1694 1983 1767 per
2031 1674 2100 1747 lo
2145 1693 2339 1765 aran
2387 1674 2565 1745 disto
2616 1674 2772 1747 dell'
2796 1675 3228 1763 eccellenzia,
3270 1672 3474 1767 idest,
3530 1678 3825 1769 propter

1481 1814 1839 1893 magnum
1907 1792 2352 1869 desiderium
2417 1792 2819 1867 excellendi
2896 1798 3205 1868 caeteros
3263 1794 3337 1867 in
3410 1802 3575 1869 arte
3639 1813 3825 1887 mea,

1479 1920 1657 1993 dove
1707 1920 1846 1990 mio
1906 1936 2070 1987 core
2129 1916 2341 1987 imese
2364 1940 2401 2007 ‚⁰
2448 1912 2623 2009 quia
2674 1918 2911 1987 totum
2964 1919 3313 1989 conatum
3364 1914 3823 2011 apponebam

1479 2038 1674 2113 circa
1723 2038 1884 2111 hoc.
1937 2034 2025 2108 Et
2073 2034 2190 2110 hic
2227 2040 2394 2108 nota
2432 2033 2634 2129 quod
2664 2033 2891 2129 aliqui
2938 2033 3302 2109 mirantur
3336 2033 3453 2109 hic
3487 2054 3581 2109 ex
3618 2034 3825 2131 igno-

1484 2158 1741 2251 rantia,
1793 2164 1868 2235 et
1917 2156 2214 2231 dicunt:
2270 2176 2505 2251 quare
2554 2155 2824 2229 Dantes
2878 2154 3277 2229 nominavit
3328 2156 3445 2231 hic
3496 2156 3827 2233 homines

1483 2279 1708 2377 ignoti
1763 2276 2074 2353 nominis
2123 2283 2197 2351 et
2249 2276 2481 2351 bassae
2530 2274 2733 2369 artiS,
2774 2295 2947 2349 cum
2992 2276 3345 2371 potuisset
3392 2276 3681 2373 dignius
3723 2278 3827 2353 fa-

1483 2418 1655 2475 cere
1709 2396 2155 2472 mentionem
2208 2396 2301 2471 de
2353 2395 2526 2471 viris
2584 2394 3207 2471 excellentissimis
3264 2396 3389 2491 qui
3450 2399 3707 2493 pulcra
3758 2404 3831 2472 et

1486 2519 1752 2594 nobilia
1803 2538 2027 2614 opera
2065 2518 2401 2592 fecerunt
2430 2516 2823 2592 avidissimi
2863 2516 3164 2612 gloriae?
3196 2516 3341 2593 Sed
3373 2524 3576 2593 certe
3618 2526 3833 2614 poeta

1486 2639 1654 2715 fecit
1705 2640 1844 2713 hoc
1893 2658 2068 2713 cum
2120 2658 2389 2734 magna
2438 2644 2604 2711 arte
2650 2642 2725 2711 et
2765 2636 2943 2732 jure
2973 2636 3275 2731 optimo,
3312 2637 3486 2733 quia
3526 2658 3659 2733 per
3694 2640 3833 2715 hoc

1485 2760 1611 2835 dat
1663 2758 1882 2834 tacite
1915 2757 2235 2855 intelligi,
2271 2756 2469 2852 quod
2506 2756 2871 2853 appetitus
2902 2756 3156 2855 gloriae
3196 2757 3295 2831 ita
3331 2756 3829 2835 indifferenter

1487 2886 1797 2973 occupat
1847 2898 2126 2973 omneS,
2183 2876 2382 2973 quod
2432 2877 2653 2951 etiam
2704 2876 2909 2972 parvi
2959 2876 3277 2951 artifices
3324 2884 3497 2953 sunt
3545 2879 3827 2955 solliciti

1487 2999 1681 3075 circa
1745 2999 1942 3073 illam
2007 2997 2559 3092 acquirendam,
2608 2997 2799 3071 sicut
2860 2996 3195 3072 videmus
3259 2997 3459 3091 quod
3518 2999 3831 3094 pictores

1485 3124 1862 3216 apponunt
1912 3118 2209 3193 nomina
2258 3117 2627 3213 operibus,
2679 3116 2869 3191 sicut
2916 3116 3165 3191 scribit
3216 3118 3549 3193 Valerius
3590 3120 3685 3195 de
3725 3120 3832 3215 pi-

1487 3246 1691 3315 ctore
1743 3240 1961 3315 nobili
2013 3246 2188 3334 etc.;
2240 3246 2315 3315 et
2364 3238 2730 3315 concludit
2770 3237 3145 3313 odorisius
3178 3239 3373 3333 quod
3404 3240 3499 3315 ad
3534 3243 3825 3337 culpam

1491 3361 1902 3437 necessario
1953 3361 2289 3458 sequitur
2338 3380 2579 3458 poena,
2630 3359 2923 3436 dicens:
2973 3362 3029 3434 il
3072 3362 3203 3454 fio,
3260 3359 3445 3436 idest
3501 3361 3827 3458 feudum,

1492 3481 1785 3575 scilicet,
1837 3482 2154 3578 pretium
2208 3488 2284 3558 et
2332 3481 2793 3576 supplicium,
2858 3483 2924 3554 si
2962 3501 3165 3574 paya
3228 3484 3374 3574 φά,
3424 3482 3627 3577 idest,
3692 3507 3829 3579 pu-

1491 3602 1713 3697 nitur,
1765 3606 1840 3676 di
1888 3606 1990 3676 tal
2033 3604 2383 3698 superbia,
2426 3602 2631 3696 idest,
2668 3610 2819 3678 tam
2856 3603 3195 3698 superbae
3226 3603 3503 3700 gloriae.
3544 3605 3632 3680 Et
3665 3606 3833 3681 dicit

1489 3723 1688 3818 quod
1739 3715 2060 3816 habete)
2113 3724 2393 3798 bonum
2451 3730 2774 3818 pactum,
2835 3724 3032 3818 quod
3096 3745 3245 3798 non
3298 3724 3613 3800 tardavit
3676 3747 3833 3822 poe-

1491 3843 1867 3920 nitentiam
1945 3866 2187 3940 usque
2254 3845 2331 3920 in
2399 3844 2643 3920 finem.
2712 3844 2919 3920 Unde
2982 3843 3211 3918 dicit:
3280 3851 3346 3918 et
3404 3866 3629 3918 aanor
3690 3867 3833 3920 non

1486 3970 1678 4040 sarci
1725 3968 1870 4058 qui,
1907 3965 2109 4060 idest,
2165 3966 2241 4040 in
2292 3967 2429 4040 isto
2482 3965 2933 4062 purgatorio,
2968 3965 3119 4040 imo
3164 3985 3401 4040 essem
3457 3965 3827 4064 relegatus

1487 4096 1700 4164 extra
1749 4109 1922 4164 cum
1974 4087 2154 4182 aliis»,
2204 4109 2281 4162 se
2328 4107 2475 4160 non
2518 4090 2709 4181 fosse
2744 4089 2866 4160 cloe
2914 4090 3013 4160 mi
3060 4090 3235 4160 volsi
3282 4108 3333 4160 a
3378 4090 3544 4176 Dic,
3592 4107 3639 4162 a
3682 4108 3831 4182 quo

1490 4229 1938 4284 recesseram
1999 4228 2134 4304 per
2202 4207 2651 4302 superbiam,
2704 4210 3056 4301 possendo
3106 4229 3402 4301 peccare
3418 4234 3451 4302 ‚·
3520 4209 3695 4302 quia
3758 4208 3833 4282 iu

1488 4331 1635 4406 vita
1686 4331 1910 4404 homo
1959 4335 2194 4426 potest
2244 4348 2553 4424 peccare
2600 4349 2735 4424 per
2784 4328 3195 4404 libertatem
3246 4329 3549 4423 arbitrii,
3600 4337 3679 4404 et
3728 4330 3831 4404 sic

1487 4449 1859 4540 odorisius
1911 4451 2129 4526 tacite
2169 4449 2639 4525 commendat
2686 4448 3103 4524 felicitatem
3140 4449 3367 4522 nostri
3406 4455 3663 4544 poetae,
3703 4449 3829 4544 qui

1489 4573 1683 4648 bono
1734 4578 2067 4668 tempore
2115 4570 2477 4646 convertit
2508 4591 2589 4644 se
2620 4570 2715 4644 ad
2766 4571 3027 4664 Deum,
3060 4575 3137 4646 et
3164 4570 3517 4646 admonet
3562 4589 3837 4644 unum—

1491 4713 1868 4789 quemque
1922 4698 2001 4764 ut
2052 4711 2203 4766 non
2250 4691 2341 4764 sit
2391 4689 2645 4765 tardus
2682 4690 2775 4765 ad
2824 4690 3462 4784 poenitentiam.—-
3494 4695 3557 4766 0
3604 4711 3837 4763 vana-

1490 4816 1748 4906 azor-ta„
1800 4812 1930 4886 Hic
1978 4817 2192 4906 poeta
2242 4810 2479 4906 gratia
2538 4809 3057 4906 praedictorum
3118 4811 3483 4886 exclamat
3538 4810 3653 4884 ad.
3690 4809 3837 4883 dis-

1621 5063 1676 5127 (¹)
1709 5063 1770 5114 E.
1802 5063 2054 5116 habuerat
2085 5065 2283 5116 bonum
2314 5071 2587 5132 peccatum
2620 5066 2741 5132 quia
2772 5080 2875 5117 non
2910 5067 3148 5138 tardavit.
