4392 6850
1459 944 1554 1011 68
2174 953 2587 1008 com-:nrum
2638 955 3078 1010 ruam-rona

1455 1102 1738 1200 gratiae,
1764 1103 1988 1176 homo
2015 1121 2307 1196 magnae
2347 1097 2740 1197 sapientiae,
2774 1101 3113 1196 portabat
3148 1123 3340 1177 nova
3374 1103 3595 1199 pacis,
3632 1103 3805 1198 quia

1457 1221 1838 1317 quaerebat
1871 1220 2257 1316 pacificare
2301 1241 2383 1296 se
2417 1228 2493 1296 et
2525 1221 2707 1296 alios
2740 1221 2917 1316 Deo,
2946 1221 3412 1318 triumphatis
3452 1224 3806 1319 hostibuS,

1457 1343 1660 1438 idest,
1714 1341 1922 1417 vitiis,
1963 1381 2061 1396 —-
2103 1347 2186 1416 Io
2257 1345 2414 1415 vidi.
2480 1341 2611 1416 Hic
2680 1348 2897 1438 poeta
2963 1343 3307 1418 describit
3374 1344 3448 1418 in
3514 1345 3805 1439 speciali

1458 1484 1684 1537 unam
1735 1462 2057 1538 animam
2114 1461 2548 1537 modernam
2608 1462 2703 1537 de
2766 1483 3085 1538 numero
3136 1463 3680 1561 praedictarum,
3732 1471 3807 1540 et

1455 1583 1770 1658 ostendit
1819 1581 1978 1657 eius
2029 1603 2377 1679 magnam
2428 1581 2890 1657 affectionem
2942 1583 3036 1658 ad
3086 1603 3191 1678 se,
3227 1585 3401 1678 quia
3444 1605 3593 1660 non
3628 1605 3804 1660 con-

1457 1710 1656 1779 tenta
1709 1703 1960 1777 videre
2011 1701 2249 1798 ipsum
2303 1702 2396 1776 de
2445 1723 2696 1798 prope,
2750 1702 2899 1776 ruit
2924 1695 2999 1795 (¹)
3052 1703 3465 1800 impetuose
3517 1707 3592 1780 in
3640 1727 3803 1781 am-

1458 1825 1717 1920 plexus
1769 1822 1949 1896 eius.
2001 1820 2188 1895 Dicit
2235 1842 2456 1918 ergo:
2510 1825 2593 1894 10
2641 1825 2787 1896 vidi
2832 1843 2979 1897 una
3040 1827 3119 1897 di
3174 1827 3313 1917 lor,
3365 1825 3439 1899 in
3488 1825 3801 1922 speciali,

1458 1947 1683 2019 {rarsi
1729 1945 2058 2033 davante,
2091 1947 2265 2016 ante
2298 1942 2499 2034 aliaS,
2528 1963 2663 2035 per
2696 1943 3213 2018 abbracciarmi
3241 1965 3375 2018 con
3420 1941 3483 2020 si
3529 1948 3806 2038 prande
3883 2009 3889 2014 .

1459 2071 1720 2160 affecto,
1770 2064 1975 2156 idest,
2027 2083 2201 2136 cum
2254 2068 2456 2136 tanta
2504 2061 2913 2157 affectione,
2965 2067 3085 2138 che
3145 2085 3369 2139 messe
3430 2087 3539 2140 me
3588 2087 3637 2139 a
3680 2070 3805 2160 sar

1461 2191 1530 2262 lo
1577 2187 2017 2278 simiqliante,
2069 2190 2152 2257 ut
2203 2182 2588 2258 redderem
2650 2183 2784 2257 sibi
2834 2184 3071 2259 vicem
3132 2186 3580 2280 curialitatiS,
3642 2187 3805 2260 licet

1461 2307 1790 2383 nondum
1841 2325 2359 2402 cognoscerem
2426 2304 2689 2400 ipsum.
2744 2306 2833 2380 Et
2896 2307 3069 2401 quia
3132 2328 3279 2383 non
3344 2309 3581 2405 potuit
3645 2323 3806 2381 am-

1462 2427 1676 2524 plecti
1725 2446 1900 2500 eum
1953 2425 2142 2500 sicut
2189 2423 2558 2518 credebat,
2610 2444 2759 2499 non
2812 2425 3055 2501 minus
3106 2427 3415 2502 miratus
3458 2439 3571 2505 est
3611 2428 3805 2522 quod

1465 2569 1611 2623 non
1663 2552 1904 2642 posset
1935 2551 2242 2643 tangere
2275 2565 2467 2640 eam,
2504 2566 2730 2639 quam
2774 2546 2915 2620 illae
2948 2546 3233 2622 miratae
3274 2549 3576 2624 fuissent
3610 2549 3803 2644 quod

1463 2669 1796 2744 viderant
1863 2687 2036 2742 eum
2102 2666 2379 2759 vivum,
2433 2665 2606 2760 quia
2657 2687 2791 2761 par
2846 2668 3031 2743 ratio
3096 2676 3257 2743 erat
3314 2669 3388 2743 in
3450 2670 3797 2765 utrisque.

1462 2788 1666 2864 Sicut
1715 2788 1912 2862 enim
1963 2786 2351 2861 videbatur
2402 2786 2689 2860 umbris
2738 2787 3073 2863 mirabile
3134 2788 3385 2864 videre
3434 2791 3801 2864 hominem

1463 2908 1740 3002 vivum,
1794 2909 1892 2982 ita
1943 2906 2331 2982 videbatur
2380 2905 2593 2981 Danti
2643 2905 2812 2981 viro
2866 2907 3117 2984 videre
3154 2908 3479 2984 animam
3526 2911 3803 3006 ample-

1461 3035 1782 3105 ctentem
1833 3049 1934 3121 se,
1989 3035 2062 3102 et
2112 3049 2262 3102 non
2310 3047 2525 3122 posse
2572 3028 2912 3123 amplecti
2965 3049 3174 3124 eam3
3211 3028 3375 3106 ideo
3408 3052 3503 3107 ex
3540 3053 3799 3130 magna

1463 3149 1948 3226 admiratione
1998 3149 2411 3245 prorumpit
2463 3148 2536 3221 in
2590 3169 2813 3223 unam
2866 3151 3477 3227 exclamationem
3516 3153 3797 3228 dicens:

1464 3293 1510 3345 o
1557 3271 1799 3343 ombre
1847 3291 2051 3361 vane,
2103 3290 2172 3365 o,
2226 3269 2432 3364 idest,
2482 3268 2667 3364 dico,
2704 3269 2987 3344 animas
3026 3291 3301 3346 vacuas
3352 3278 3425 3348 et
3474 3280 3803 3348 carentes

1465 3412 1776 3488 corpore
1827 3397 2093 3487 praeter
2128 3411 2355 3486 quam
2390 3390 2462 3464 in
2499 3411 2700 3485 uno;
2756 3390 2951 3466 unde
3000 3391 3217 3466 dicit:
3274 3396 3445 3488 suor
3494 3397 3614 3467 che
3662 3397 3804 3468 nel-

1467 3516 1828 3607 l'aspeuo!
1869 3512 2074 3605 idest,
2115 3518 2383 3606 praeter
2431 3533 2658 3606 quam
2697 3512 2771 3585 in
2804 3513 2960 3587 sola
3000 3512 3299 3608 visione,
3336 3515 3545 3608 quasi
3596 3514 3801 3609 dicat,

1467 3633 1666 3728 quod
1716 3633 1869 3706 istae
1919 3633 2215 3719 umbrae
2260 3632 2430 3705 nihil
2484 3632 2919 3707 videbantur
2971 3633 3247 3709 habere
3284 3636 3802 3729 corporeitatiS,

1466 3754 1600 3829 nisi
1651 3754 1726 3827 in
1780 3758 2064 3827 tantum
2117 3752 2317 3846 quod
2366 3758 2577 3826 erant
2628 3752 2961 3846 visibiles,
2998 3752 3125 3827 sed
3165 3774 3313 3828 non
3346 3761 3561 3829 erant
3602 3754 3807 3829 aliter

1465 3872 1876 3967 sensibiles3
1928 3871 2126 3968 quod
2173 3871 2498 3947 declarat
2555 3892 2687 3967 per
2747 3871 3093 3947 effectum
3146 3873 3427 3947 dicens:
3482 3882 3588 3948 tre
3636 3878 3807 3948 volte

1465 3998 1688 4069 dielro
1738 4016 1787 4065 a
1836 3996 1924 4066 lei
1970 3996 2033 4066 le
2081 3995 2277 4065 mani
2322 3996 2620 4083 avvinsi,
2662 3991 2869 4087 idest,
2906 3999 3018 4067 ter
3051 3994 3436 4089 amplexus
3469 3995 3573 4069 sui
3610 3996 3799 4069 illam

1465 4118 1788 4191 animam
1842 4113 2182 4188 manibus
2230 4118 2394 4209 post
2444 4122 2736 4209 tergum
2773 4112 2934 4186 eius
2956 4114 3252 4209 junctiS,
3290 4135 3331 4187 e
3362 4122 3572 4207 tante,
3602 4114 3801 4207 idest,

1467 4245 1542 4313 et
1591 4237 1890 4312 totidem
1948 4234 2249 4327 vicibus,
2300 4236 2396 4305 mi
2446 4236 2685 4306 tornai
2742 4254 2875 4306 con
2935 4237 3131 4308 nulla
3192 4238 3270 4309 al
3306 4243 3512 4328 pecte.
3568 4236 3803 4310 Verba

1465 4364 1638 4433 sunt
1671 4354 1946 4453 Virgilii
1981 4375 2152 4429 cum
2190 4353 2398 4427 dicit:
2446 4360 2578 4427 Ter
2628 4362 2919 4428 conatus
2966 4376 3167 4429 eram
3217 4360 3394 4429 collo
3426 4360 3606 4430 dare
3637 4357 3805 4427 bra-

1466 4482 1622 4552 chia
1687 4480 1972 4567 circum,
2045 4480 2175 4547 Ter
2228 4478 2507 4568 frustra
2564 4476 3063 4567 comprehensa
3125 4497 3375 4549 manus
3432 4482 3570 4551 etc.
3637 4476 3804 4551 Ideo

1467 4597 1669 4695 ponit
1717 4597 2060 4672 effectum
2112 4616 2207 4669 ex
2258 4602 2467 4691 parte
2515 4594 2632 4669 sui
2682 4601 2759 4669 et
2806 4594 2997 4669 illius
3059 4597 3349 4691 animae,
3400 4596 3688 4671 dicens:
3738 4598 3811 4669 di

1467 4719 1920 4808 maramqlia,
1953 4718 2191 4807 crede,
2227 4718 2324 4787 mi
2356 4717 2612 4806 dipinsi
2624 4740 2654 4807 ;
2689 4714 2864 4808 quia
2902 4714 3185 4790 mutavi
3236 4716 3587 4809 colorem,
3624 4714 3809 4789 sicut

1467 4838 1744 4914 fecerat
1773 4826 1847 4927 (²)
1909 4836 2128 4930 paulo
2189 4842 2363 4909 ante
2422 4833 2579 4926 iste,
2631 4840 2705 4908 et
2754 4834 2873 4908 alii
2924 4836 3134 4929 socii3
3186 4842 3261 4910 et
3320 4835 3513 4929 dicit,
3564 4837 3803 4925 crede,

1596 5106 1649 5170 (¹)
1681 5106 1744 5157 Ε.
1775 5107 1882 5157 ivit.
2258 5104 2313 5169 (²)
2345 5106 2407 5157 Ε.
2440 5106 2669 5157 feceram
2702 5106 2861 5170 paulo
2892 5110 3028 5169 ante,
3060 5111 3117 5159 et
3145 5106 3234 5157 alii
3267 5107 3410 5159 socii.
