4392 6850
1254 979 1530 1034 umus
1579 977 1890 1034 nmmos
1937 977 2229 1033 surus.
2762 961 2907 1029 42⁸

567 1123 726 1200 erat
773 1143 1118 1220 grossum
1149 1130 1246 1198 et
1291 1143 1545 1221 grave,
1595 1145 1744 1198 non
1789 1123 2217 1220 permittens
2258 1123 2561 1198 oculum
2592 1115 2667 1213 (¹)
2704 1118 2911 1216 fungi

569 1243 810 1320 officio
857 1265 1047 1339 suo;
1093 1252 1170 1319 et
1235 1245 1436 1338 quod
1493 1245 1658 1340 plus
1717 1253 1866 1320 est:
1917 1240 2008 1318 ne*
2061 1245 2138 1318 di
2195 1235 2339 1316 cosi
2387 1263 2607 1336 aspro
2648 1245 2811 1335 pelo
2854 1261 2911 1314 a

562 1367 860 1457 oentir05
915 1369 994 1438 et
1051 1363 1222 1438 dicit
1285 1363 1498 1458 bene,
1547 1364 1722 1460 quia
1781 1365 2034 1440 velum
2097 1365 2285 1438 solet
2344 1363 2617 1438 babere
2674 1363 2908 1458 pilum

569 1483 864 1560 mollem
915 1491 992 1558 et
1037 1484 1278 1560 levem
1309 1476 1410 1579 (²),
1461 1492 1546 1560 ut
1594 1506 1742 1558 non
1777 1485 1992 1559 laedat
2029 1484 2331 1558 oculum
2378 1483 2734 1577 nobilem3
2776 1482 2909 1556 sed

567 1603 816 1678 velum
867 1603 1060 1678 istud
1111 1603 1428 1680 babebat
1489 1606 1720 1700 pilum
1777 1605 2053 1678 durum
2123 1609 2198 1678 et
2258 1623 2602 1699 asperum
2668 1602 2903 1696 nimis,

567 1723 666 1798 ita
705 1723 904 1817 quod
951 1723 1226 1798 durum
1271 1731 1434 1799 erat
1483 1732 1560 1800 et
1607 1724 1858 1800 videre
1904 1730 1982 1798 et
2029 1724 2305 1799 sentire
2344 1723 2635 1796 fumum
2676 1723 2903 1796 istum

568 1863 790 1938 quem
844 1865 1042 1918 nunc
1079 1845 1420 1920 intraturi
1471 1853 1721 1939 erant3
1765 1844 1964 1919 unde
1993 1843 2204 1918 dicit:
2238 1865 2429 1916 come
2478 1846 2637 1936 quel
2674 1849 2899 1938 sime,

569 1964 642 2038 in
691 1985 843 2058 quo
895 1965 1302 2060 puniuntur
1351 1965 1704 2041 iracundi.
1749 1965 1836 2038 Et
1889 1965 2004 2038 hic
2039 1971 2212 2038 nota
2246 1964 2445 2059 quod
2479 1970 2691 2060 poeta
2726 1983 2907 2037 con·

567 2084 1106 2160 venientissime
1137 2086 1278 2160 hoc
1311 2085 1539 2182 fingit,
1566 2085 1739 2181 quia
1773 2103 1952 2160 vere
1987 2085 2278 2158 nullum
2314 2092 2697 2178 peccatum
2732 2103 2905 2178 per-

566 2212 902 2301 petratur
951 2205 1026 2278 in
1075 2205 1354 2280 mundo
1403 2207 1595 2282 iuter
1631 2207 1982 2298 viventoe,
2015 2211 2146 2279 aut
2179 2204 2483 2300 punitur
2518 2203 2588 2278 in
2626 2203 2909 2278 inferno

569 2327 758 2401 inter
783 2334 1142 2420 mortuos,
1169 2327 1368 2421 quod
1413 2333 1698 2401 tantum
1735 2326 2066 2401 obfuscet
2097 2324 2355 2400 oculos
2392 2325 2680 2418 mentis,
2716 2323 2907 2398 sicut

569 2445 712 2540 ira3
763 2445 929 2522 ideo
979 2445 1170 2521 bene
1219 2447 1460 2541 posuit
1505 2446 1581 2520 in
1635 2446 1940 2538 inferno,
1977 2446 2172 2540 quod
2216 2445 2545 2520 iracundi
2580 2445 2907 2519 lacerant

495 2551 504 2560 ’
565 2586 646 2640 se
683 2565 1000 2642 invicem
1034 2566 1428 2642 crudeliter
1461 2574 1538 2640 et
1576 2566 1914 2641 dentibus
1951 2566 2531 2640 detruncant—
2556 2561 2691 2638 Che*
2720 2567 2904 2638 t'oc-

567 2689 739 2762 cmo.
789 2687 924 2762 Hic
973 2693 1186 2782 poeta
1227 2686 1540 2762 ostendit
1573 2707 1706 2782 per
1737 2687 2081 2762 effectum
2123 2685 2661 2761 vehementiam
2698 2685 2905 2760 istius

573 2807 748 2882 fumi
785 2807 1057 2901 acerbi,
1093 2807 1266 2902 quia
1301 2815 1602 2882 coactus
1637 2814 1748 2882 est
1780 2806 2191 2882 necessario
2226 2805 2573 2881 claudere
2604 2805 2899 2880 oculos:

571 2927 768 3002 unde
805 2927 1014 3003 dicit:
1057 2923 1198 3002 Che*
1221 2929 1267 3002 Γ
1285 2929 1546 3019 ocche,
1581 2927 1852 3003 scilicet
1885 2926 2408 3022 intellectualiS,
2442 2933 2634 3000 stare
2666 2934 2905 3020 alm-60

566 3067 710 3120 non
755 3052 1096 3140 soffkrse:
1145 3055 1221 3122 et
1269 3049 1460 3124 bene
1507 3048 1700 3143 dicit,
1733 3048 1907 3142 quia
1955 3048 2209 3122 fumus
2258 3048 2389 3120 irae
2438 3047 2537 3122 ita
2590 3047 2899 3122 confun-

565 3168 670 3242 dit
715 3169 1048 3242 animum
1109 3167 1306 3264 quod
1365 3189 1512 3243 non
1572 3175 1804 3264 potest
1835 3159 1910 3261 (³)
1973 3187 2423 3264 cognoscere
2486 3165 2903 3262 veritatem,

557 3289 774 3383 juxta
824 3289 999 3363 illud
1049 3289 1316 3364 Ovidii:
1358 3293 1490 3362 Ira
1537 3293 1764 3362 virum
1799 3309 2174 3362 memorem
2206 3308 2351 3361 non
2380 3291 2547 3362 sinit
2574 3309 2721 3362 esse
2748 3292 2905 3382 sui,-

568 3408 740 3504 quia
793 3409 1008 3483 nimis
1051 3409 1322 3485 recedit
1355 3430 1400 3485 a
1443 3409 1726 3485 ratione
1761 3410 1983 3484 bomo
2017 3408 2269 3483 iratus
2307 3409 2393 3482 Et
2425 3407 2523 3483 ob
2556 3409 2696 3483 hoc
2730 3407 2907 3483 sub-

567 3529 668 3605 dit
715 3530 1044 3604 subitum
1093 3537 1171 3605 et
1217 3550 1480 3605 sanum
1531 3532 1912 3605 consilium
1949 3530 2225 3626 Virgilii
2262 3530 2337 3603 in
2372 3535 2574 3605 tanto
2608 3548 2903 3605 errore:

567 3650 740 3745 quia
789 3650 986 3725 enim
1039 3650 1174 3725 iste
1219 3671 1456 3726 novus
1487 3658 1702 3746 poeta
1739 3672 1886 3725 non
1919 3658 2207 3746 poterat
2246 3650 2456 3745 sequi
2496 3650 2907 3747 Virgilium,

567 3790 791 3863 quem
843 3790 990 3843 non
1059 3776 1346 3865 poterat
1407 3770 1656 3845 videre
1713 3778 2011 3866 propter
2061 3770 2379 3865 sumum,
2434 3769 2597 3845 ideo
2660 3770 2905 3844 statim

568 3888 908 3985 Virgilius
957 3890 1156 3965 venit
1205 3891 1298 3965 ad
1349 3910 1550 3986 eum,
1601 3896 1686 3963 ut
1737 3891 1856 3965 ille
1896 3889 2309 3966 adbaereret
2342 3891 2509 3985 sibi3
2554 3891 2751 3965 unde
2794 3890 2907 3965 di-

567 4010 704 4085 cit:
755 4012 938 4083 onde
988 4012 1062 4083 la
1105 4017 1344 4084 scorta
1395 4014 1563 4101 mia,
1617 4008 1800 4085 idest
1856 4009 2223 4107 Virgilius,
2274 4010 2403 4105 qui
2452 4030 2575 4084 me
2624 4019 2905 4085 scorta-

569 4132 716 4223 bat,
765 4138 1020 4224 sapum
1083 4152 1125 4203 e
1183 4132 1362 4224 fida,
1411 4131 1595 4205 idest
1643 4130 1930 4225 sapiens
1987 4138 2064 4206 et
2127 4128 2378 4225 fidelis,
2430 4131 2603 4225 quia
2666 4128 2907 4225 Virgi-

568 4251 710 4327 lius
769 4251 1058 4345 sapiens
1123 4251 1314 4325 bene
1379 4252 1652 4326 sciebat
1699 4252 1810 4326 ire
1867 4272 2000 4347 per
2063 4252 2283 4326 istum
2354 4252 2669 4344 fumum,
2731 4250 2903 4344 quia

570 4371 862 4447 videbat
910 4370 1066 4445 sine
1113 4370 1432 4465 laesione,
1467 4376 1540 4445 et
1591 4370 1898 4446 fideliter
1929 4372 2239 4467 gerebat
2278 4390 2534 4445 curam
2572 4370 2666 4445 de
2698 4388 2909 4444 oom-

569 4491 790 4565 misso
839 4490 972 4565 sibi
1025 4491 1100 4565 in
1149 4490 1286 4566 ista
1335 4490 1476 4585 via,
1529 4495 1627 4565 mi
1671 4494 1729 4565 ε’
1753 4485 2056 4583 ασοοεεὸ,
2099 4491 2225 4565 ubi
2274 4491 2515 4586 primo
2562 4500 2725 4569 erat
2772 4512 2909 4587 pa·

567 4630 736 4684 rum
787 4616 1170 4706 separatus
1219 4611 1316 4685 ab
1365 4630 1456 4685 eo
1507 4610 1926 4705 praecedens
1976 4630 2176 4704 eum,
2230 4632 2269 4684 e
2320 4615 2633 4685 l'omero
2682 4612 2909 4705 m’os-

559 4734 770 4825 fase,
795 4730 1000 4823 idest,
1036 4730 1300 4806 obtulit
1335 4730 1510 4805 mihi
1545 4732 1931 4827 spatulam,
1969 4731 2156 4805 sicut
2190 4731 2445 4807 videns
2480 4732 2649 4807 facit
2681 4752 2907 4825 που,

563 4851 770 4946 quasi
819 4850 1068 4927 dicens
1135 4852 1374 4945 tacite,
1427 4852 1624 4946 quod
1675 4871 1808 4947 per
1857 4852 2070 4926 istam
2143 4852 2337 4927 viam
2406 4854 2899 4949 tenebrosam,

690 5118 1068 5181 (')B-ocubu.
1315 5120 1690 5182 mnlemm.
1935 5116 2812 5183 ORWU-eeossnoeeero.

4338 5974 4353 6085 l

4336 6102 4353 6379 3.

4336 6380 4353 6614 L}
