4392 6850
1423 972 1698 1028 camus
1747 973 2134 1028 SECUNDUS.
2854 963 2946 1029 55

599 1142 771 1216 quae
822 1127 934 1196 est
982 1128 1180 1196 terra
1230 1117 1644 1213 voluptatiS,
1679 1139 1937 1213 passus
1977 1119 2211 1192 multa
2253 1125 2328 1193 et
2363 1120 2567 1195 varia
2618 1120 2944 1215 pericula

599 1241 917 1317 venisset
975 1240 1070 1316 ad
1132 1229 1602 1334 conspectum
1663 1238 1906 1333 ltaliae,
1961 1259 2129 1333 quae
2191 1240 2488 1335 ponitur
2548 1256 2681 1336 pro
2744 1247 2945 1316 terra

600 1361 910 1456 virtutis,
959 1359 1356 1457 apparebat
1389 1351 1463 1453 (¹)
1515 1379 1827 1453 aurora3
1866 1359 2066 1434 unde
2107 1359 2279 1433 dicit
2313 1361 2531 1436 tertio
2584 1362 2939 1438 Eneidos:

599 1485 895 1574 Jamque
939 1481 1344 1554 rubescebat
1385 1481 1596 1552 stellis
1643 1499 1920 1553 aurora
1963 1482 2253 1572 fuqatvis,
2311 1483 2479 1552 Cum
2516 1485 2776 1573 procul
2821 1484 2948 1555 ob-

599 1625 845 1678 scmos
893 1604 1100 1676 colles
1163 1602 1576 1691 humilesque
1637 1603 1942 1673 videmus
1993 1603 2294 1674 Italiam.
2344 1605 2625 1675 Italiam
2666 1606 2949 1696 primus

600 1726 999 1797 conclamat
1041 1707 1362 1812 Achates,
1413 1723 1694 1794 Italiam
1744 1723 1902 1793 loeto
1932 1723 2106 1792 socii
2135 1721 2445 1794 clamore
2477 1723 2804 1795 salutant.
2840 1723 2945 1820 Ita

603 1863 804 1918 nunc
852 1849 1069 1939 poeta
1109 1844 1379 1916 Dantes
1419 1841 1720 1916 veniens
1754 1841 1848 1914 de
1879 1846 2080 1914 terra
2124 1839 2470 1915 vitiorum
2522 1842 2616 1916 ad
2668 1847 2947 1917 terram

603 1962 896 2038 virtutis
945 1983 1118 2037 cum
1167 1960 1311 2035 fido
1347 1961 1545 2036 socio
1586 1960 1907 2057 Virgilio,
1961 1960 2429 2035 illucescente
2470 1982 2745 2038 aurora
2780 1985 2951 2056 quae
3024 1957 3035 1966 ’

603 2091 720 2159 est
777 2083 1062 2158 initium
1122 2082 1286 2176 diei,
1345 2081 1631 2156 laetatus
1689 2087 1802 2155 est
1850 2081 2102 2156 videns
2163 2086 2491 2156 montem
2542 2083 2950 2178 purgatorii

605 2210 682 2278 et
731 2204 1084 2280 humilem
1136 2201 1506 2298 planitiem
1559 2221 1730 2296 quae
1778 2201 2186 2276 circumdat
2238 2221 2471 2276 eum.-

753 2327 892 2398 Noi
938 2345 1249 2396 eravam.
1303 2323 1444 2396 Ista
1495 2328 1606 2396 est
1655 2322 1976 2397 secunda
2027 2343 2197 2416 pars
2259 2322 2623 2417 generalis
2676 2323 2748 2396 in
2801 2343 2951 2418 qua

599 2449 840 2542 poeta,
876 2444 1252 2540 praemissa
1291 2443 1775 2538 descriptione
1823 2443 2175 2537 temporis
2226 2448 2299 2517 et
2360 2442 2524 2536 loci,
2578 2463 2773 2517 nunc
2822 2444 2953 2518 de-

585 2565 852 2641 scribit
893 2585 1128 2640 unum
1158 2564 1518 2660 Angelum
1557 2563 1684 2657 qui
1720 2584 1812 2638 ex
1853 2563 2096 2638 officio
2137 2583 2275 2638 suo
2318 2563 2537 2638 habet
2570 2569 2951 2659 transpor-

607 2691 768 2759 tare
828 2685 1112 2759 animas
1161 2685 1254 2758 ad
1314 2683 1827 2780 purgatorium
1849 2707 1869 2776 3
1920 2689 1996 2757 et
2057 2683 2230 2777 quia
2290 2682 2501 2757 litera
2566 2690 2677 2758 est
2737 2684 2952 2759 valde

605 2803 912 2879 difficilis
963 2813 1040 2881 et
1097 2803 1451 2878 sententia
1511 2802 1930 2908 abscondita
1957 2793 2060 2896 (²),
2113 2803 2281 2877 volo
2347 2809 2421 2877 te
2486 2803 2585 2877 sci
2593 2799 2694 2898 re,
2750 2803 2947 2898 quod

607 2930 820 3021 poeta
871 2923 1396 2999 sententialiter
1455 2923 1616 2996 vult
1677 2922 1921 2997 dicere
1980 2923 2176 3016 quod
2240 2943 2410 2997 cum
2476 2923 2817 3020 Virgilius
2877 2930 2952 2999 et

606 3045 760 3141 ipse
809 3050 1090 3118 starent
1137 3042 1380 3118 adhuc
1431 3042 1505 3116 in
1557 3043 1770 3116 litore
1821 3041 2044 3115 maris
2103 3043 2507 3138 cogitantes
2564 3044 2757 3118 circa
2808 3044 2951 3118 iter

605 3165 1001 3263 agendum,
1036 3163 1212 3239 vidit
1261 3163 1504 3237 subito
1538 3163 1794 3238 venire
1825 3183 1960 3258 per
1995 3183 2205 3237 mare
2238 3184 2473 3237 unum
2516 3165 2771 3266 lumen
2806 3164 2953 3239 ful-

605 3283 1138 3382 gentissimum,
1189 3283 1782 3358 ardentissimum
1834 3282 1927 3357 ad
1977 3283 2282 3357 modum
2346 3283 2657 3378 planetae
2706 3285 2953 3359 Martis

603 3426 778 3481 cum
813 3403 1202 3479 velocitate
1237 3401 1583 3497 mirabili3
1621 3402 1817 3498 qnod
1853 3402 2148 3497 quidem
2187 3403 2439 3478 lumen
2477 3410 2754 3499 quanto
2791 3426 2954 3479 ma-

603 3525 716 3622 gis
765 3524 1414 3620 appropinquabat,
1453 3529 1656 3597 tanto
1707 3524 1942 3619 magis
1974 3523 2485 3599 invalescebat.
2526 3524 2657 3599 Hic
2695 3532 2949 3600 autem

605 3650 770 3720 erat
801 3644 1100 3738 quidam
1126 3643 1471 3739 AngeluS,
1499 3643 1624 3737 qui
1654 3663 1825 3717 curn
1856 3643 2192 3717 navicula
2221 3643 2587 3717 levissima
2614 3644 2954 3738 portabat

607 3765 890 3841 animas
914 3765 1472 3861 purgandorum
1497 3763 1590 3837 ad
1613 3763 1808 3837 istud
1835 3763 2026 3837 litus.
2047 3763 2154 3837 Ad
2181 3762 2469 3838 literam
2499 3784 2715 3859 ergo:
2738 3770 2953 3859 poeta

610 3884 850 3981 primo
899 3884 1243 3960 describit
1289 3884 1827 3979 dispositionem
1889 3875 2215 3978 ipsorum
2278 3883 2617 3957 duorum·
2657 3883 2949 3959 dicens:

611 4007 752 4079 Noi
795 4026 1090 4079 eravam
1140 4006 1506 4095 lunyloesso
1569 4007 1624 4077 il
1679 4024 1880 4076 mare
1940 4023 2237 4093 ancora,
2296 4003 2479 4077 idest
2538 4023 2669 4076 nos
2730 4003 2951 4078 ambo

607 4130 846 4221 poetae
893 4124 1137 4199 adhuc
1187 4144 1488 4199 eramus
1539 4144 1766 4219 prope
1817 4143 2026 4197 mare
2075 4122 2148 4196 in
2200 4122 2413 4197 litore
2464 4122 2661 4197 unde
2711 4124 2951 4199 fuerat
3070 4200 3085 4213 ,

609 4245 913 4319 avulsus
963 4246 1283 4341 juncus3
1337 4252 1412 4319 et
1469 4263 1644 4319 ecce
1694 4242 2068 4345 quomodo
2131 4243 2443 4336 stabant,
2503 4263 2695 4316 come
2755 4250 2955 4334 yeme

611 4370 732 4439 che
754 4387 981 4459 pensa
1003 4386 1054 4438 a
1076 4386 1204 4439 suo
1238 4368 1613 4456 cammino,
1647 4364 1852 4457 idest,
1888 4364 2079 4438 sicut
2112 4362 2481 4459 peregrini
2516 4363 2644 4457 qui
2678 4364 2953 4438 vadunt

611 4506 746 4581 pro
797 4485 1268 4582 indulgentia,
1320 4486 1424 4559 sic
1475 4484 1696 4577 modo
1753 4484 1869 4557 isti
1925 4484 2149 4577 ibant,
2203 4484 2327 4578 qui
2388 4482 2646 4557 timent
2695 4503 2953 4559 errare

611 4606 686 4680 in
721 4604 862 4699 via,
904 4605 1200 4699 quando
1251 4605 1491 4701 primo
1541 4609 1713 4678 sunt
1761 4604 2102 4677 intraturi
2141 4608 2447 4677 stratam
2498 4608 2800 4696 rectam,
2836 4606 2956 4677 che

611 4747 705 4800 va
751 4729 865 4800 col
910 4746 1098 4817 core,
1149 4725 1358 4821 idest,
1407 4746 1580 4801 cum
1631 4724 1903 4819 animo,
1955 4748 1992 4799 e
2051 4726 2164 4798 col
2221 4744 2441 4816 corpo
2502 4713 2810 4815 dimora,
2862 4743 2958 4798 ne
3060 4813 3068 4821 ι

613 4846 1022 4922 inconsulte
1070 4850 1414 4921 moveat:
1468 4852 1544 4921 et
1569 4834 1646 4938 (³)
1696 4844 1987 4919 interim
2043 4844 2386 4920 viderunt
2436 4843 2796 4941 Angelum
2840 4844 2958 4916 lu-

741 5108 798 5173 (¹)
833 5110 892 5161 E.
923 5112 1316 5176 appi-operabat.
1565 5111 1620 5175 (⁸)
1653 5111 1717 5162 Ε.
1748 5110 2010 5161 absconsa.
2258 5108 2311 5173 (')
2343 5108 2394 5159 S.
2427 5112 2483 5159 et
2510 5108 2719 5157 iterum.
