<?xml version="1.0" encoding="UTF-8"?>
<!DOCTYPE html PUBLIC "-//W3C//DTD XHTML 1.0 Transitional//EN"
    "http://www.w3.org/TR/xhtml1/DTD/xhtml1-transitional.dtd">
<html xmlns="http://www.w3.org/1999/xhtml" xml:lang="en" lang="en">
 <head>
  <title>
</title>
<meta http-equiv="Content-Type" content="text/html;charset=utf-8" />
  <meta name='ocr-system' content='tesseract 3.04.00' />
  <meta name='ocr-capabilities' content='ocr_page ocr_carea ocr_par ocr_line ocrx_word'/>
</head>
<body>
  <div class='ocr_page' id='page_1' title='image "./comentumsuperda02unkngoog_0480.png"; bbox 0 0 4392 6850; ppageno 0'>
   <div class='ocr_carea' id='block_1_1' title="bbox 1224 957 2927 1026">
    <p class='ocr_par' dir='ltr' id='par_1_1' title="bbox 1224 957 2927 1026">
     <span class='ocr_line' id='line_1_1' title="bbox 1224 957 2927 1026; baseline 0.001 -5"><span class='ocrx_word' id='word_1_1' title='bbox 1224 967 1504 1024; x_wconf 75' lang='lat' dir='ltr'>CANTUS</span> <span class='ocrx_word' id='word_1_2' title='bbox 1555 969 1871 1026; x_wconf 80' lang='lat' dir='ltr'>DECIMUS</span> <span class='ocrx_word' id='word_1_3' title='bbox 1921 970 2289 1026; x_wconf 75' lang='lat' dir='ltr'><strong>SEPTIMUS·</strong></span> <span class='ocrx_word' id='word_1_4' title='bbox 2785 957 2927 1022; x_wconf 75' lang='grc'>459</span> 
     </span>
    </p>
   </div>
   <div class='ocr_carea' id='block_1_2' title="bbox 575 1115 2950 4937">
    <p class='ocr_par' dir='ltr' id='par_1_2' title="bbox 575 1115 2950 4937">
     <span class='ocr_line' id='line_1_2' title="bbox 581 1115 2950 1220; baseline -0 -32"><span class='ocrx_word' id='word_1_5' title='bbox 581 1135 804 1210; x_wconf 89' lang='lat' dir='ltr'>super</span> <span class='ocrx_word' id='word_1_6' title='bbox 853 1121 1152 1211; x_wconf 80' lang='lat' dir='ltr'>centum</span> <span class='ocrx_word' id='word_1_7' title='bbox 1203 1115 1456 1212; x_wconf 87' lang='lat' dir='ltr'>viginti</span> <span class='ocrx_word' id='word_1_8' title='bbox 1507 1121 1788 1212; x_wconf 81' lang='lat' dir='ltr'>septem</span> <span class='ocrx_word' id='word_1_9' title='bbox 1836 1115 2285 1212; x_wconf 79' lang='lat' dir='ltr'>provincias..</span> <span class='ocrx_word' id='word_1_10' title='bbox 2326 1115 2671 1192; x_wconf 75' lang='lat' dir='ltr'>Etdicit:</span> <span class='ocrx_word' id='word_1_11' title='bbox 2727 1121 2950 1220; x_wconf 31' lang='lat' dir='ltr'>Escer·</span> 
     </span>
     <span class='ocr_line' id='line_1_3' title="bbox 579 1227 2931 1344; baseline -0.001 -34"><span class='ocrx_word' id='word_1_12' title='bbox 579 1256 710 1310; x_wconf 80' lang='lat' dir='ltr'>sua</span> <span class='ocrx_word' id='word_1_13' title='bbox 756 1257 998 1330; x_wconf 80' lang='lat' dir='ltr'>sposa,</span> <span class='ocrx_word' id='word_1_14' title='bbox 1051 1255 1241 1338; x_wconf 17' lang='lat' dir='ltr'>uxo-r</span> <span class='ocrx_word' id='word_1_15' title='bbox 1275 1227 1351 1328; x_wconf 76' lang='lat'>(¹)</span> <span class='ocrx_word' id='word_1_16' title='bbox 1403 1235 1676 1320; x_wconf 79' lang='lat' dir='ltr'>novitia</span> <span class='ocrx_word' id='word_1_17' title='bbox 1726 1236 2116 1344; x_wconf 75' lang='lat' dir='ltr'>pudorosa,</span> <span class='ocrx_word' id='word_1_18' title='bbox 2169 1257 2207 1308; x_wconf 85' lang='lat' dir='ltr'>e</span> <span class='ocrx_word' id='word_1_19' title='bbox 2255 1239 2311 1309; x_wconf 85' lang='lat' dir='ltr'>il</span> <span class='ocrx_word' id='word_1_20' title='bbox 2356 1237 2931 1334; x_wconf 61' lang='lat' dir='ltr'>§iusto-,Mordo-</span> 
     </span>
     <span class='ocr_line' id='line_1_4' title="bbox 579 1354 2924 1451; baseline -0.001 -22"><span class='ocrx_word' id='word_1_21' title='bbox 579 1357 782 1450; x_wconf 76' lang='lat' dir='ltr'>che05</span> <span class='ocrx_word' id='word_1_22' title='bbox 818 1376 998 1430; x_wconf 91' lang='lat' dir='ltr'>vere</span> <span class='ocrx_word' id='word_1_23' title='bbox 1019 1356 1310 1451; x_wconf 88' lang='lat' dir='ltr'>justum</span> <span class='ocrx_word' id='word_1_24' title='bbox 1347 1356 1684 1451; x_wconf 89' lang='lat' dir='ltr'>appellat,</span> <span class='ocrx_word' id='word_1_25' title='bbox 1719 1357 1892 1451; x_wconf 90' lang='lat' dir='ltr'>quia</span> <span class='ocrx_word' id='word_1_26' title='bbox 1929 1356 2223 1431; x_wconf 90' lang='lat' dir='ltr'>nolebat</span> <span class='ocrx_word' id='word_1_27' title='bbox 2264 1356 2615 1434; x_wconf 85' lang='lat' dir='ltr'>exhibere</span> <span class='ocrx_word' id='word_1_28' title='bbox 2646 1354 2924 1430; x_wconf 90' lang='lat' dir='ltr'>homini</span> 
     </span>
     <span class='ocr_line' id='line_1_5' title="bbox 577 1475 2923 1571; baseline 0 -21"><span class='ocrx_word' id='word_1_29' title='bbox 577 1476 937 1550; x_wconf 80' lang='lat' dir='ltr'>honorem</span> <span class='ocrx_word' id='word_1_30' title='bbox 989 1475 1434 1551; x_wconf 89' lang='lat' dir='ltr'>adorationis</span> <span class='ocrx_word' id='word_1_31' title='bbox 1492 1475 1822 1552; x_wconf 87' lang='lat' dir='ltr'>debitum</span> <span class='ocrx_word' id='word_1_32' title='bbox 1883 1477 2060 1571; x_wconf 90' lang='lat' dir='ltr'>De0,</span> <span class='ocrx_word' id='word_1_33' title='bbox 2111 1496 2287 1550; x_wconf 87' lang='lat' dir='ltr'>cum</span> <span class='ocrx_word' id='word_1_34' title='bbox 2355 1482 2605 1550; x_wconf 88' lang='lat' dir='ltr'>tamen</span> <span class='ocrx_word' id='word_1_35' title='bbox 2664 1494 2923 1550; x_wconf 87' lang='lat' dir='ltr'>omnes</span> 
     </span>
     <span class='ocr_line' id='line_1_6' title="bbox 578 1593 2923 1692; baseline -0.001 -22"><span class='ocrx_word' id='word_1_36' title='bbox 578 1596 719 1671; x_wconf 89' lang='lat' dir='ltr'>hoc</span> <span class='ocrx_word' id='word_1_37' title='bbox 754 1595 1080 1672; x_wconf 87' lang='lat' dir='ltr'>facerent</span> <span class='ocrx_word' id='word_1_38' title='bbox 1129 1595 1398 1671; x_wconf 91' lang='lat' dir='ltr'>timore</span> <span class='ocrx_word' id='word_1_39' title='bbox 1449 1602 1524 1670; x_wconf 91' lang='lat' dir='ltr'>et</span> <span class='ocrx_word' id='word_1_40' title='bbox 1575 1596 1987 1672; x_wconf 85' lang='lat' dir='ltr'>reverentia</span> <span class='ocrx_word' id='word_1_41' title='bbox 2025 1595 2203 1670; x_wconf 88' lang='lat' dir='ltr'>tanti</span> <span class='ocrx_word' id='word_1_42' title='bbox 2240 1595 2483 1692; x_wconf 84' lang='lat' dir='ltr'>regis3</span> <span class='ocrx_word' id='word_1_43' title='bbox 2518 1594 2683 1670; x_wconf 91' lang='lat' dir='ltr'>ideo</span> <span class='ocrx_word' id='word_1_44' title='bbox 2717 1593 2923 1668; x_wconf 85' lang='lat' dir='ltr'>dicit:</span> 
     </span>
     <span class='ocr_line' id='line_1_7' title="bbox 579 1709 2925 1810; baseline -0 -22"><span class='ocrx_word' id='word_1_45' title='bbox 579 1717 698 1789; x_wconf 77' lang='lat' dir='ltr'>che</span> <span class='ocrx_word' id='word_1_46' title='bbox 739 1719 824 1810; x_wconf 77' lang='lat' dir='ltr'>stc</span> <span class='ocrx_word' id='word_1_47' title='bbox 863 1719 942 1788; x_wconf 85' lang='lat' dir='ltr'>al</span> <span class='ocrx_word' id='word_1_48' title='bbox 971 1719 1087 1788; x_wconf 81' lang='lat' dir='ltr'>dir</span> <span class='ocrx_word' id='word_1_49' title='bbox 1135 1737 1174 1790; x_wconf 83' lang='lat' dir='ltr'>e</span> <span class='ocrx_word' id='word_1_50' title='bbox 1223 1719 1302 1790; x_wconf 87' lang='lat' dir='ltr'>al</span> <span class='ocrx_word' id='word_1_51' title='bbox 1322 1720 1452 1810; x_wconf 83' lang='lat' dir='ltr'>sar</span> <span class='ocrx_word' id='word_1_52' title='bbox 1483 1709 1625 1789; x_wconf 62' lang='lat' dir='ltr'>cosi</span> <span class='ocrx_word' id='word_1_53' title='bbox 1655 1719 1910 1806; x_wconf 78' lang='lat' dir='ltr'>intere,</span> <span class='ocrx_word' id='word_1_54' title='bbox 1945 1716 2152 1809; x_wconf 79' lang='lat' dir='ltr'>idest,</span> <span class='ocrx_word' id='word_1_55' title='bbox 2189 1721 2339 1792; x_wconf 87' lang='lat' dir='ltr'>tam</span> <span class='ocrx_word' id='word_1_56' title='bbox 2376 1722 2925 1800; x_wconf 86' lang='lat' dir='ltr'>constansver-</span> 
     </span>
     <span class='ocr_line' id='line_1_8' title="bbox 579 1835 2923 1934; baseline 0 -25"><span class='ocrx_word' id='word_1_57' title='bbox 579 1835 688 1909; x_wconf 91' lang='lat' dir='ltr'>bis</span> <span class='ocrx_word' id='word_1_58' title='bbox 738 1839 812 1910; x_wconf 90' lang='lat' dir='ltr'>et</span> <span class='ocrx_word' id='word_1_59' title='bbox 861 1835 1090 1931; x_wconf 76' lang='lat' dir='ltr'>facti3‚</span> <span class='ocrx_word' id='word_1_60' title='bbox 1125 1841 1210 1910; x_wconf 92' lang='lat' dir='ltr'>ut</span> <span class='ocrx_word' id='word_1_61' title='bbox 1247 1843 1448 1932; x_wconf 88' lang='lat' dir='ltr'>patet</span> <span class='ocrx_word' id='word_1_62' title='bbox 1497 1857 1592 1916; x_wconf 79' lang='lat' dir='ltr'>ex</span> <span class='ocrx_word' id='word_1_63' title='bbox 1629 1838 1786 1934; x_wconf 89' lang='lat' dir='ltr'>jam</span> <span class='ocrx_word' id='word_1_64' title='bbox 1822 1835 2049 1912; x_wconf 90' lang='lat' dir='ltr'>dictis.</span> <span class='ocrx_word' id='word_1_65' title='bbox 2079 1876 2177 1890; x_wconf 90' lang='lat'>—</span> <span class='ocrx_word' id='word_1_66' title='bbox 2202 1842 2271 1910; x_wconf 87' lang='lat' dir='ltr'><em>E</em></span> <span class='ocrx_word' id='word_1_67' title='bbox 2296 1857 2507 1909; x_wconf 86' lang='lat' dir='ltr'>come.</span> <span class='ocrx_word' id='word_1_68' title='bbox 2544 1837 2675 1910; x_wconf 90' lang='lat' dir='ltr'>Hic</span> <span class='ocrx_word' id='word_1_69' title='bbox 2711 1840 2923 1931; x_wconf 88' lang='lat' dir='ltr'>poeta</span> 
     </span>
     <span class='ocr_line' id='line_1_9' title="bbox 579 1955 2923 2053; baseline 0 -25"><span class='ocrx_word' id='word_1_70' title='bbox 579 1955 783 2050; x_wconf 87' lang='lat' dir='ltr'>ponit</span> <span class='ocrx_word' id='word_1_71' title='bbox 833 1955 1128 2030; x_wconf 87' lang='lat' dir='ltr'>tertium</span> <span class='ocrx_word' id='word_1_72' title='bbox 1185 1955 1526 2032; x_wconf 81' lang='lat' dir='ltr'>effectum</span> <span class='ocrx_word' id='word_1_73' title='bbox 1581 1957 1710 2032; x_wconf 83' lang='lat' dir='ltr'>irae</span> <span class='ocrx_word' id='word_1_74' title='bbox 1759 1957 2156 2053; x_wconf 90' lang='lat' dir='ltr'>pessimum</span> <span class='ocrx_word' id='word_1_75' title='bbox 2221 1957 2578 2051; x_wconf 89' lang='lat' dir='ltr'>omnium,</span> <span class='ocrx_word' id='word_1_76' title='bbox 2630 1956 2923 2049; x_wconf 88' lang='lat' dir='ltr'>scilicet,</span> 
     </span>
     <span class='ocr_line' id='line_1_10' title="bbox 581 2075 2925 2172; baseline 0 -24"><span class='ocrx_word' id='word_1_77' title='bbox 581 2095 756 2149; x_wconf 89' lang='lat' dir='ltr'>cum</span> <span class='ocrx_word' id='word_1_78' title='bbox 831 2075 994 2170; x_wconf 89' lang='lat' dir='ltr'>quis</span> <span class='ocrx_word' id='word_1_79' title='bbox 1068 2095 1160 2151; x_wconf 80' lang='lat' dir='ltr'>ex</span> <span class='ocrx_word' id='word_1_80' title='bbox 1230 2077 1340 2150; x_wconf 89' lang='lat' dir='ltr'>ira</span> <span class='ocrx_word' id='word_1_81' title='bbox 1401 2077 1739 2152; x_wconf 87' lang='lat' dir='ltr'>interficit</span> <span class='ocrx_word' id='word_1_82' title='bbox 1816 2098 1896 2152; x_wconf 94' lang='lat' dir='ltr'>se</span> <span class='ocrx_word' id='word_1_83' title='bbox 1972 2077 2237 2172; x_wconf 85' lang='lat' dir='ltr'>ipsum,</span> <span class='ocrx_word' id='word_1_84' title='bbox 2290 2097 2440 2171; x_wconf 88' lang='lat' dir='ltr'>quo</span> <span class='ocrx_word' id='word_1_85' title='bbox 2491 2076 2777 2150; x_wconf 89' lang='lat' dir='ltr'>nullum</span> <span class='ocrx_word' id='word_1_86' title='bbox 2814 2080 2925 2149; x_wconf 87' lang='lat' dir='ltr'>est</span> 
     </span>
     <span class='ocr_line' id='line_1_11' title="bbox 579 2195 2925 2292; baseline 0 -24"><span class='ocrx_word' id='word_1_87' title='bbox 579 2195 820 2270; x_wconf 91' lang='lat' dir='ltr'>maius</span> <span class='ocrx_word' id='word_1_88' title='bbox 876 2202 1285 2292; x_wconf 89' lang='lat' dir='ltr'>peccatum,</span> <span class='ocrx_word' id='word_1_89' title='bbox 1329 2197 1517 2270; x_wconf 91' lang='lat' dir='ltr'>sicut</span> <span class='ocrx_word' id='word_1_90' title='bbox 1567 2196 1842 2273; x_wconf 88' lang='lat' dir='ltr'>dictum</span> <span class='ocrx_word' id='word_1_91' title='bbox 1895 2204 2005 2271; x_wconf 89' lang='lat' dir='ltr'>est</span> <span class='ocrx_word' id='word_1_92' title='bbox 2053 2197 2269 2292; x_wconf 81' lang='lat' dir='ltr'>plene</span> <span class='ocrx_word' id='word_1_93' title='bbox 2317 2196 2587 2272; x_wconf 80' lang='lat' dir='ltr'>Inferni</span> <span class='ocrx_word' id='word_1_94' title='bbox 2639 2195 2925 2292; x_wconf 88' lang='lat' dir='ltr'>capitu-</span> 
     </span>
     <span class='ocr_line' id='line_1_12' title="bbox 580 2313 2920 2412; baseline 0.001 -25"><span class='ocrx_word' id='word_1_95' title='bbox 580 2313 652 2388; x_wconf 93' lang='lat' dir='ltr'>lo</span> <span class='ocrx_word' id='word_1_96' title='bbox 679 2315 838 2388; x_wconf 88' lang='lat' dir='ltr'><strong>XIII</strong></span> <span class='ocrx_word' id='word_1_97' title='bbox 876 2322 952 2389; x_wconf 88' lang='lat' dir='ltr'>et</span> <span class='ocrx_word' id='word_1_98' title='bbox 996 2315 1234 2411; x_wconf 90' lang='lat' dir='ltr'>primo</span> <span class='ocrx_word' id='word_1_99' title='bbox 1270 2315 1588 2412; x_wconf 87' lang='lat' dir='ltr'>capitulo</span> <span class='ocrx_word' id='word_1_100' title='bbox 1630 2316 2064 2412; x_wconf 88' lang='lat' dir='ltr'>Purgatorii.</span> <span class='ocrx_word' id='word_1_101' title='bbox 2103 2318 2192 2390; x_wconf 89' lang='lat' dir='ltr'>Et</span> <span class='ocrx_word' id='word_1_102' title='bbox 2237 2316 2331 2391; x_wconf 89' lang='lat' dir='ltr'>ad</span> <span class='ocrx_word' id='word_1_103' title='bbox 2374 2314 2920 2412; x_wconf 83' lang='lat' dir='ltr'>intelligentiam</span> 
     </span>
     <span class='ocr_line' id='line_1_13' title="bbox 581 2434 2924 2532; baseline 0.001 -25"><span class='ocrx_word' id='word_1_104' title='bbox 581 2434 870 2530; x_wconf 82' lang='lat' dir='ltr'>plenam</span> <span class='ocrx_word' id='word_1_105' title='bbox 935 2436 1154 2510; x_wconf 91' lang='lat' dir='ltr'>huius</span> <span class='ocrx_word' id='word_1_106' title='bbox 1217 2437 1446 2524; x_wconf 82' lang='lat' dir='ltr'>literae</span> <span class='ocrx_word' id='word_1_107' title='bbox 1513 2443 1622 2512; x_wconf 89' lang='lat' dir='ltr'>est</span> <span class='ocrx_word' id='word_1_108' title='bbox 1686 2436 2222 2532; x_wconf 72' lang='lat' dir='ltr'>praesciendum</span> <span class='ocrx_word' id='word_1_109' title='bbox 2285 2436 2632 2531; x_wconf 88' lang='lat' dir='ltr'>breviter,</span> <span class='ocrx_word' id='word_1_110' title='bbox 2700 2435 2924 2531; x_wconf 83' lang='lat' dir='ltr'>quod,</span> 
     </span>
     <span class='ocr_line' id='line_1_14' title="bbox 580 2554 2917 2653; baseline 0.001 -25"><span class='ocrx_word' id='word_1_111' title='bbox 580 2554 768 2629; x_wconf 87' lang='lat' dir='ltr'>sicut</span> <span class='ocrx_word' id='word_1_112' title='bbox 825 2556 1075 2630; x_wconf 83' lang='lat' dir='ltr'>scribit</span> <span class='ocrx_word' id='word_1_113' title='bbox 1140 2555 1485 2652; x_wconf 81' lang='lat' dir='ltr'>Virgilius</span> <span class='ocrx_word' id='word_1_114' title='bbox 1534 2557 1654 2630; x_wconf 90' lang='lat' dir='ltr'>Vll</span> <span class='ocrx_word' id='word_1_115' title='bbox 1708 2556 2044 2650; x_wconf 81' lang='lat' dir='ltr'>EneidOS‚</span> <span class='ocrx_word' id='word_1_116' title='bbox 2105 2556 2359 2653; x_wconf 88' lang='lat' dir='ltr'>regina</span> <span class='ocrx_word' id='word_1_117' title='bbox 2409 2556 2671 2631; x_wconf 88' lang='lat' dir='ltr'>Amata</span> <span class='ocrx_word' id='word_1_118' title='bbox 2725 2576 2917 2630; x_wconf 82' lang='lat' dir='ltr'>uxor</span> 
     </span>
     <span class='ocr_line' id='line_1_15' title="bbox 583 2668 2916 2772; baseline 0.002 -25"><span class='ocrx_word' id='word_1_119' title='bbox 583 2674 776 2772; x_wconf 89' lang='lat' dir='ltr'>regis</span> <span class='ocrx_word' id='word_1_120' title='bbox 810 2675 1042 2750; x_wconf 90' lang='lat' dir='ltr'>Latini</span> <span class='ocrx_word' id='word_1_121' title='bbox 1076 2676 1344 2752; x_wconf 89' lang='lat' dir='ltr'>ardens</span> <span class='ocrx_word' id='word_1_122' title='bbox 1395 2677 1505 2751; x_wconf 90' lang='lat' dir='ltr'>ira</span> <span class='ocrx_word' id='word_1_123' title='bbox 1559 2683 1632 2752; x_wconf 89' lang='lat' dir='ltr'>et</span> <span class='ocrx_word' id='word_1_124' title='bbox 1666 2677 1941 2772; x_wconf 83' lang='lat' dir='ltr'>dolore,</span> <span class='ocrx_word' id='word_1_125' title='bbox 1976 2677 2215 2772; x_wconf 90' lang='lat' dir='ltr'>primo</span> <span class='ocrx_word' id='word_1_126' title='bbox 2250 2676 2468 2772; x_wconf 89' lang='lat' dir='ltr'>coepit</span> <span class='ocrx_word' id='word_1_127' title='bbox 2507 2676 2821 2752; x_wconf 88' lang='lat' dir='ltr'>suadere</span> <span class='ocrx_word' id='word_1_128' title='bbox 2842 2668 2916 2770; x_wconf 79' lang='lat'>(¹)</span> 
     </span>
     <span class='ocr_line' id='line_1_16' title="bbox 583 2795 2923 2892; baseline 0.001 -22"><span class='ocrx_word' id='word_1_129' title='bbox 583 2795 742 2870; x_wconf 85' lang='lat' dir='ltr'>viro</span> <span class='ocrx_word' id='word_1_130' title='bbox 793 2817 888 2871; x_wconf 92' lang='lat' dir='ltr'>ne</span> <span class='ocrx_word' id='word_1_131' title='bbox 937 2796 1148 2872; x_wconf 89' lang='lat' dir='ltr'>daret</span> <span class='ocrx_word' id='word_1_132' title='bbox 1198 2797 1420 2872; x_wconf 80' lang='lat' dir='ltr'>filiam</span> <span class='ocrx_word' id='word_1_133' title='bbox 1473 2797 1848 2872; x_wconf 87' lang='lat' dir='ltr'>Laviniam</span> <span class='ocrx_word' id='word_1_134' title='bbox 1909 2798 2148 2892; x_wconf 85' lang='lat' dir='ltr'>Eneae,</span> <span class='ocrx_word' id='word_1_135' title='bbox 2215 2797 2485 2892; x_wconf 70' lang='lat' dir='ltr'>dicem,</span> <span class='ocrx_word' id='word_1_136' title='bbox 2536 2798 2735 2892; x_wconf 89' lang='lat' dir='ltr'>quod</span> <span class='ocrx_word' id='word_1_137' title='bbox 2786 2797 2923 2872; x_wconf 90' lang='lat' dir='ltr'>iste</span> 
     </span>
     <span class='ocr_line' id='line_1_17' title="bbox 581 2916 2923 3014; baseline 0.002 -25"><span class='ocrx_word' id='word_1_138' title='bbox 581 2916 830 3011; x_wconf 85' lang='lat' dir='ltr'>praedo</span> <span class='ocrx_word' id='word_1_139' title='bbox 881 2924 1291 3014; x_wconf 81' lang='lat' dir='ltr'>asportaret</span> <span class='ocrx_word' id='word_1_140' title='bbox 1339 2937 1506 2994; x_wconf 87' lang='lat' dir='ltr'>eam</span> <span class='ocrx_word' id='word_1_141' title='bbox 1559 2938 1692 3014; x_wconf 89' lang='lat' dir='ltr'>per</span> <span class='ocrx_word' id='word_1_142' title='bbox 1737 2939 1946 2992; x_wconf 88' lang='lat' dir='ltr'>mare</span> <span class='ocrx_word' id='word_1_143' title='bbox 1985 2917 2078 2992; x_wconf 92' lang='lat' dir='ltr'>ad</span> <span class='ocrx_word' id='word_1_144' title='bbox 2117 2917 2437 3012; x_wconf 89' lang='lat' dir='ltr'>primum</span> <span class='ocrx_word' id='word_1_145' title='bbox 2481 2924 2811 3012; x_wconf 88' lang='lat' dir='ltr'>ventum,</span> <span class='ocrx_word' id='word_1_146' title='bbox 2846 2925 2923 2994; x_wconf 92' lang='lat' dir='ltr'>et</span> 
     </span>
     <span class='ocr_line' id='line_1_18' title="bbox 582 3036 2922 3133; baseline 0.001 -24"><span class='ocrx_word' id='word_1_147' title='bbox 582 3036 779 3129; x_wconf 89' lang='lat' dir='ltr'>quod</span> <span class='ocrx_word' id='word_1_148' title='bbox 831 3038 946 3112; x_wconf 89' lang='lat' dir='ltr'>hic</span> <span class='ocrx_word' id='word_1_149' title='bbox 997 3044 1187 3112; x_wconf 90' lang='lat' dir='ltr'>esset</span> <span class='ocrx_word' id='word_1_150' title='bbox 1235 3037 1422 3112; x_wconf 90' lang='lat' dir='ltr'>alter</span> <span class='ocrx_word' id='word_1_151' title='bbox 1473 3037 1678 3111; x_wconf 89' lang='lat' dir='ltr'>Paris</span> <span class='ocrx_word' id='word_1_152' title='bbox 1744 3037 2075 3112; x_wconf 86' lang='lat' dir='ltr'>troianus</span> <span class='ocrx_word' id='word_1_153' title='bbox 2124 3037 2435 3132; x_wconf 87' lang='lat' dir='ltr'>adulter,</span> <span class='ocrx_word' id='word_1_154' title='bbox 2488 3038 2615 3132; x_wconf 91' lang='lat' dir='ltr'>qui</span> <span class='ocrx_word' id='word_1_155' title='bbox 2676 3037 2922 3133; x_wconf 88' lang='lat' dir='ltr'>rapuit</span> 
     </span>
     <span class='ocr_line' id='line_1_19' title="bbox 581 3155 2919 3255; baseline 0.002 -27"><span class='ocrx_word' id='word_1_156' title='bbox 581 3156 930 3232; x_wconf 89' lang='lat' dir='ltr'>Helenam</span> <span class='ocrx_word' id='word_1_157' title='bbox 991 3165 1064 3234; x_wconf 91' lang='lat' dir='ltr'>et</span> <span class='ocrx_word' id='word_1_158' title='bbox 1123 3156 1441 3254; x_wconf 87' lang='lat' dir='ltr'>portavit</span> <span class='ocrx_word' id='word_1_159' title='bbox 1507 3157 1599 3230; x_wconf 87' lang='lat' dir='ltr'>ad</span> <span class='ocrx_word' id='word_1_160' title='bbox 1669 3156 1983 3255; x_wconf 82' lang='lat' dir='ltr'>Troiam.</span> <span class='ocrx_word' id='word_1_161' title='bbox 2045 3155 2393 3232; x_wconf 88' lang='lat' dir='ltr'>Finaliter</span> <span class='ocrx_word' id='word_1_162' title='bbox 2461 3163 2621 3251; x_wconf 88' lang='lat' dir='ltr'>post</span> <span class='ocrx_word' id='word_1_163' title='bbox 2688 3159 2919 3232; x_wconf 89' lang='lat' dir='ltr'>multa</span> 
     </span>
     <span class='ocr_line' id='line_1_20' title="bbox 581 3275 2918 3373; baseline -0 -22"><span class='ocrx_word' id='word_1_164' title='bbox 581 3283 654 3351; x_wconf 92' lang='lat' dir='ltr'>et</span> <span class='ocrx_word' id='word_1_165' title='bbox 703 3296 962 3372; x_wconf 89' lang='lat' dir='ltr'>aspera</span> <span class='ocrx_word' id='word_1_166' title='bbox 1011 3277 1267 3372; x_wconf 86' lang='lat' dir='ltr'>proelia</span> <span class='ocrx_word' id='word_1_167' title='bbox 1320 3276 1514 3351; x_wconf 87' lang='lat' dir='ltr'>facta·</span> <span class='ocrx_word' id='word_1_168' title='bbox 1559 3275 1750 3350; x_wconf 90' lang='lat' dir='ltr'>inter</span> <span class='ocrx_word' id='word_1_169' title='bbox 1797 3275 2128 3349; x_wconf 88' lang='lat' dir='ltr'>Turnum</span> <span class='ocrx_word' id='word_1_170' title='bbox 2184 3282 2258 3353; x_wconf 89' lang='lat' dir='ltr'>et</span> <span class='ocrx_word' id='word_1_171' title='bbox 2307 3277 2609 3370; x_wconf 83' lang='lat' dir='ltr'>Eneam‚</span> <span class='ocrx_word' id='word_1_172' title='bbox 2664 3276 2918 3373; x_wconf 86' lang='lat' dir='ltr'>regina</span> 
     </span>
     <span class='ocr_line' id='line_1_21' title="bbox 577 3395 2917 3493; baseline 0 -22"><span class='ocrx_word' id='word_1_173' title='bbox 577 3395 861 3492; x_wconf 88' lang='lat' dir='ltr'>Amata,</span> <span class='ocrx_word' id='word_1_174' title='bbox 913 3396 1100 3471; x_wconf 88' lang='lat' dir='ltr'>sicut</span> <span class='ocrx_word' id='word_1_175' title='bbox 1150 3396 1397 3472; x_wconf 84' lang='lat' dir='ltr'>scribit</span> <span class='ocrx_word' id='word_1_176' title='bbox 1447 3396 1642 3472; x_wconf 92' lang='lat' dir='ltr'>idem</span> <span class='ocrx_word' id='word_1_177' title='bbox 1676 3395 2017 3493; x_wconf 87' lang='lat' dir='ltr'>Virgilius</span> <span class='ocrx_word' id='word_1_178' title='bbox 2062 3397 2134 3471; x_wconf 90' lang='lat' dir='ltr'>in</span> <span class='ocrx_word' id='word_1_179' title='bbox 2185 3395 2621 3471; x_wconf 91' lang='lat' dir='ltr'>duodecimo</span> <span class='ocrx_word' id='word_1_180' title='bbox 2673 3402 2747 3471; x_wconf 90' lang='lat' dir='ltr'>et</span> <span class='ocrx_word' id='word_1_181' title='bbox 2797 3396 2917 3471; x_wconf 91' lang='lat' dir='ltr'>ul-</span> 
     </span>
     <span class='ocr_line' id='line_1_22' title="bbox 577 3517 2939 3623; baseline -0.001 -32"><span class='ocrx_word' id='word_1_182' title='bbox 577 3517 779 3614; x_wconf 83' lang='lat' dir='ltr'>timo,</span> <span class='ocrx_word' id='word_1_183' title='bbox 807 3518 1252 3613; x_wconf 86' lang='lat' dir='ltr'>prospiciens</span> <span class='ocrx_word' id='word_1_184' title='bbox 1299 3517 1392 3593; x_wconf 91' lang='lat' dir='ltr'>de</span> <span class='ocrx_word' id='word_1_185' title='bbox 1441 3518 1662 3593; x_wconf 91' lang='lat' dir='ltr'>domo</span> <span class='ocrx_word' id='word_1_186' title='bbox 1697 3538 1832 3593; x_wconf 91' lang='lat' dir='ltr'>sua</span> <span class='ocrx_word' id='word_1_187' title='bbox 1868 3518 2141 3591; x_wconf 88' lang='lat' dir='ltr'>Eneam</span> <span class='ocrx_word' id='word_1_188' title='bbox 2180 3519 2465 3591; x_wconf 88' lang='lat' dir='ltr'>hostem</span> <span class='ocrx_word' id='word_1_189' title='bbox 2502 3517 2939 3623; x_wconf 30' lang='lat' dir='ltr'>venientem·</span> 
     </span>
     <span class='ocr_line' id='line_1_23' title="bbox 575 3634 2919 3733; baseline -0.002 -20"><span class='ocrx_word' id='word_1_190' title='bbox 575 3647 831 3713; x_wconf 88' lang='lat' dir='ltr'>contra</span> <span class='ocrx_word' id='word_1_191' title='bbox 881 3639 1337 3713; x_wconf 86' lang='lat' dir='ltr'>Laurentum</span> <span class='ocrx_word' id='word_1_192' title='bbox 1391 3636 1760 3712; x_wconf 88' lang='lat' dir='ltr'>civitatem</span> <span class='ocrx_word' id='word_1_193' title='bbox 1819 3657 2032 3711; x_wconf 90' lang='lat' dir='ltr'>suam</span> <span class='ocrx_word' id='word_1_194' title='bbox 2093 3636 2496 3711; x_wconf 88' lang='lat' dir='ltr'>immittere</span> <span class='ocrx_word' id='word_1_195' title='bbox 2545 3636 2790 3733; x_wconf 89' lang='lat' dir='ltr'>ignem</span> <span class='ocrx_word' id='word_1_196' title='bbox 2845 3634 2919 3709; x_wconf 91' lang='lat' dir='ltr'>in</span> 
     </span>
     <span class='ocr_line' id='line_1_24' title="bbox 581 3756 2923 3854; baseline -0.001 -24"><span class='ocrx_word' id='word_1_197' title='bbox 581 3757 876 3852; x_wconf 71' lang='lat' dir='ltr'>incenia,</span> <span class='ocrx_word' id='word_1_198' title='bbox 911 3766 987 3832; x_wconf 93' lang='lat' dir='ltr'>et</span> <span class='ocrx_word' id='word_1_199' title='bbox 1029 3757 1265 3832; x_wconf 89' lang='lat' dir='ltr'>nullas</span> <span class='ocrx_word' id='word_1_200' title='bbox 1313 3764 1568 3854; x_wconf 88' lang='lat' dir='ltr'>gentes</span> <span class='ocrx_word' id='word_1_201' title='bbox 1610 3756 1837 3832; x_wconf 90' lang='lat' dir='ltr'>Turni</span> <span class='ocrx_word' id='word_1_202' title='bbox 1888 3762 2146 3831; x_wconf 90' lang='lat' dir='ltr'>contra</span> <span class='ocrx_word' id='word_1_203' title='bbox 2195 3756 2427 3849; x_wconf 89' lang='lat' dir='ltr'>illum,</span> <span class='ocrx_word' id='word_1_204' title='bbox 2464 3756 2769 3831; x_wconf 89' lang='lat' dir='ltr'>credens</span> <span class='ocrx_word' id='word_1_205' title='bbox 2792 3756 2923 3851; x_wconf 90' lang='lat' dir='ltr'>ju-</span> 
     </span>
     <span class='ocr_line' id='line_1_25' title="bbox 579 3876 2922 3973; baseline -0.001 -19"><span class='ocrx_word' id='word_1_206' title='bbox 579 3898 842 3954; x_wconf 85' lang='lat' dir='ltr'>venem</span> <span class='ocrx_word' id='word_1_207' title='bbox 896 3878 1276 3953; x_wconf 84' lang='lat' dir='ltr'>infeliciter</span> <span class='ocrx_word' id='word_1_208' title='bbox 1309 3878 1710 3955; x_wconf 85' lang='lat' dir='ltr'>extinctum</span> <span class='ocrx_word' id='word_1_209' title='bbox 1749 3877 1822 3950; x_wconf 92' lang='lat' dir='ltr'>in</span> <span class='ocrx_word' id='word_1_210' title='bbox 1856 3877 2140 3973; x_wconf 86' lang='lat' dir='ltr'>proeli0‚</span> <span class='ocrx_word' id='word_1_211' title='bbox 2175 3876 2419 3951; x_wconf 90' lang='lat' dir='ltr'>subito</span> <span class='ocrx_word' id='word_1_212' title='bbox 2454 3876 2707 3951; x_wconf 92' lang='lat' dir='ltr'>dolore</span> <span class='ocrx_word' id='word_1_213' title='bbox 2740 3897 2922 3951; x_wconf 88' lang='lat' dir='ltr'>con-</span> 
     </span>
     <span class='ocr_line' id='line_1_26' title="bbox 580 3993 2915 4094; baseline -0.003 -20"><span class='ocrx_word' id='word_1_214' title='bbox 580 4019 796 4074; x_wconf 85' lang='lat' dir='ltr'>verso</span> <span class='ocrx_word' id='word_1_215' title='bbox 847 3999 920 4073; x_wconf 90' lang='lat' dir='ltr'>in</span> <span class='ocrx_word' id='word_1_216' title='bbox 972 4000 1300 4074; x_wconf 85' lang='lat' dir='ltr'>furorem</span> <span class='ocrx_word' id='word_1_217' title='bbox 1355 4006 1514 4094; x_wconf 90' lang='lat' dir='ltr'>post</span> <span class='ocrx_word' id='word_1_218' title='bbox 1569 4000 1876 4072; x_wconf 90' lang='lat' dir='ltr'>multam</span> <span class='ocrx_word' id='word_1_219' title='bbox 1929 3998 2337 4093; x_wconf 86' lang='lat' dir='ltr'>querelam,</span> <span class='ocrx_word' id='word_1_220' title='bbox 2380 3993 2647 4071; x_wconf 89' lang='lat' dir='ltr'>laniata</span> <span class='ocrx_word' id='word_1_221' title='bbox 2690 4001 2915 4089; x_wconf 85' lang='lat' dir='ltr'>veste,</span> 
     </span>
     <span class='ocr_line' id='line_1_27' title="bbox 580 4118 2917 4216; baseline -0.001 -22"><span class='ocrx_word' id='word_1_222' title='bbox 580 4121 952 4216; x_wconf 90' lang='lat' dir='ltr'>suspendit</span> <span class='ocrx_word' id='word_1_223' title='bbox 991 4142 1072 4195; x_wconf 87' lang='lat' dir='ltr'>se</span> <span class='ocrx_word' id='word_1_224' title='bbox 1107 4122 1372 4215; x_wconf 89' lang='lat' dir='ltr'>laqueo</span> <span class='ocrx_word' id='word_1_225' title='bbox 1403 4120 1496 4194; x_wconf 92' lang='lat' dir='ltr'>ad</span> <span class='ocrx_word' id='word_1_226' title='bbox 1530 4118 1754 4194; x_wconf 89' lang='lat' dir='ltr'>altam</span> <span class='ocrx_word' id='word_1_227' title='bbox 1792 4119 2119 4193; x_wconf 85' lang='lat' dir='ltr'>trabem:</span> <span class='ocrx_word' id='word_1_228' title='bbox 2157 4124 2232 4192; x_wconf 89' lang='lat' dir='ltr'>et</span> <span class='ocrx_word' id='word_1_229' title='bbox 2266 4118 2636 4212; x_wconf 89' lang='lat' dir='ltr'>continuo,</span> <span class='ocrx_word' id='word_1_230' title='bbox 2675 4127 2917 4194; x_wconf 88' lang='lat' dir='ltr'>morte</span> 
     </span>
     <span class='ocr_line' id='line_1_28' title="bbox 580 4237 2917 4337; baseline -0.002 -21"><span class='ocrx_word' id='word_1_231' title='bbox 580 4240 903 4337; x_wconf 85' lang='lat' dir='ltr'>vulgata,</span> <span class='ocrx_word' id='word_1_232' title='bbox 950 4240 1246 4315; x_wconf 87' lang='lat' dir='ltr'>Lavinia</span> <span class='ocrx_word' id='word_1_233' title='bbox 1301 4239 1440 4313; x_wconf 86' lang='lat' dir='ltr'>filia</span> <span class='ocrx_word' id='word_1_234' title='bbox 1491 4239 1820 4313; x_wconf 89' lang='lat' dir='ltr'>lacerans</span> <span class='ocrx_word' id='word_1_235' title='bbox 1859 4237 1992 4312; x_wconf 90' lang='lat' dir='ltr'>sibi</span> <span class='ocrx_word' id='word_1_236' title='bbox 2031 4258 2281 4313; x_wconf 89' lang='lat' dir='ltr'>roseas</span> <span class='ocrx_word' id='word_1_237' title='bbox 2320 4257 2547 4335; x_wconf 89' lang='lat' dir='ltr'>genas</span> <span class='ocrx_word' id='word_1_238' title='bbox 2581 4243 2657 4312; x_wconf 89' lang='lat' dir='ltr'>et</span> <span class='ocrx_word' id='word_1_239' title='bbox 2690 4237 2917 4311; x_wconf 86' lang='lat' dir='ltr'>flavos</span> 
     </span>
     <span class='ocr_line' id='line_1_29' title="bbox 579 4354 2915 4455; baseline -0.002 -22"><span class='ocrx_word' id='word_1_240' title='bbox 579 4359 818 4433; x_wconf 88' lang='lat' dir='ltr'>crines</span> <span class='ocrx_word' id='word_1_241' title='bbox 868 4359 1294 4455; x_wconf 85' lang='lat' dir='ltr'>deplorabat</span> <span class='ocrx_word' id='word_1_242' title='bbox 1343 4359 1689 4433; x_wconf 79' lang='lat' dir='ltr'>infamem</span> <span class='ocrx_word' id='word_1_243' title='bbox 1761 4364 2074 4433; x_wconf 88' lang='lat' dir='ltr'>mortem</span> <span class='ocrx_word' id='word_1_244' title='bbox 2149 4356 2403 4431; x_wconf 89' lang='lat' dir='ltr'>matris</span> <span class='ocrx_word' id='word_1_245' title='bbox 2451 4357 2753 4430; x_wconf 85' lang='lat' dir='ltr'>Amatae.</span> <span class='ocrx_word' id='word_1_246' title='bbox 2807 4354 2915 4430; x_wconf 82' lang='lat' dir='ltr'>Ad</span> 
     </span>
     <span class='ocr_line' id='line_1_30' title="bbox 581 4458 2917 4577; baseline -0.002 -25"><span class='ocrx_word' id='word_1_247' title='bbox 581 4478 869 4553; x_wconf 88' lang='lat' dir='ltr'>literam</span> <span class='ocrx_word' id='word_1_248' title='bbox 912 4498 1118 4577; x_wconf 85' lang='lat' dir='ltr'>ergo,</span> <span class='ocrx_word' id='word_1_249' title='bbox 1153 4486 1368 4575; x_wconf 88' lang='lat' dir='ltr'>poeta</span> <span class='ocrx_word' id='word_1_250' title='bbox 1416 4477 1728 4553; x_wconf 88' lang='lat' dir='ltr'>ostendit</span> <span class='ocrx_word' id='word_1_251' title='bbox 1777 4477 2150 4573; x_wconf 88' lang='lat' dir='ltr'>quomodo</span> <span class='ocrx_word' id='word_1_252' title='bbox 2189 4477 2325 4551; x_wconf 86' lang='lat' dir='ltr'>ista</span> <span class='ocrx_word' id='word_1_253' title='bbox 2354 4458 2591 4550; x_wconf 66' lang='lat' dir='ltr'>tertia</span> <span class='ocrx_word' id='word_1_254' title='bbox 2642 4476 2917 4572; x_wconf 85' lang='lat' dir='ltr'>species</span> 
     </span>
     <span class='ocr_line' id='line_1_31' title="bbox 579 4596 2917 4693; baseline -0.002 -20"><span class='ocrx_word' id='word_1_255' title='bbox 579 4600 710 4675; x_wconf 85' lang='lat' dir='ltr'>irae</span> <span class='ocrx_word' id='word_1_256' title='bbox 761 4600 1060 4675; x_wconf 88' lang='lat' dir='ltr'>suborta</span> <span class='ocrx_word' id='word_1_257' title='bbox 1114 4605 1224 4675; x_wconf 88' lang='lat' dir='ltr'>est</span> <span class='ocrx_word' id='word_1_258' title='bbox 1274 4600 1346 4673; x_wconf 89' lang='lat' dir='ltr'>in</span> <span class='ocrx_word' id='word_1_259' title='bbox 1401 4605 1648 4674; x_wconf 89' lang='lat' dir='ltr'>mente</span> <span class='ocrx_word' id='word_1_260' title='bbox 1697 4618 1832 4673; x_wconf 91' lang='lat' dir='ltr'>sua</span> <span class='ocrx_word' id='word_1_261' title='bbox 1881 4619 2015 4693; x_wconf 91' lang='lat' dir='ltr'>per</span> <span class='ocrx_word' id='word_1_262' title='bbox 2079 4618 2301 4672; x_wconf 88' lang='lat' dir='ltr'>unam</span> <span class='ocrx_word' id='word_1_263' title='bbox 2372 4596 2917 4672; x_wconf 89' lang='lat' dir='ltr'>similitudinem</span> 
     </span>
     <span class='ocr_line' id='line_1_32' title="bbox 577 4719 2920 4819; baseline -0.003 -23"><span class='ocrx_word' id='word_1_264' title='bbox 577 4723 950 4819; x_wconf 90' lang='lat' dir='ltr'>propriam</span> <span class='ocrx_word' id='word_1_265' title='bbox 1002 4727 1078 4796; x_wconf 93' lang='lat' dir='ltr'>et</span> <span class='ocrx_word' id='word_1_266' title='bbox 1125 4721 1427 4815; x_wconf 89' lang='lat' dir='ltr'>claram,</span> <span class='ocrx_word' id='word_1_267' title='bbox 1469 4719 1713 4794; x_wconf 89' lang='lat' dir='ltr'>dicens</span> <span class='ocrx_word' id='word_1_268' title='bbox 1765 4720 2298 4794; x_wconf 87' lang='lat' dir='ltr'>continuative:</span> <span class='ocrx_word' id='word_1_269' title='bbox 2353 4724 2419 4791; x_wconf 83' lang='lat' dir='ltr'><em>E</em></span> <span class='ocrx_word' id='word_1_270' title='bbox 2444 4738 2637 4791; x_wconf 77' lang='lat' dir='ltr'>come</span> <span class='ocrx_word' id='word_1_271' title='bbox 2681 4723 2920 4809; x_wconf 82' lang='lat' dir='ltr'>questa</span> 
     </span>
     <span class='ocr_line' id='line_1_33' title="bbox 575 4837 2920 4937; baseline -0.004 -18"><span class='ocrx_word' id='word_1_272' title='bbox 575 4846 908 4937; x_wconf 66' lang='lat' dir='ltr'>imamne,</span> <span class='ocrx_word' id='word_1_273' title='bbox 971 4842 1174 4935; x_wconf 88' lang='lat' dir='ltr'>idest,</span> <span class='ocrx_word' id='word_1_274' title='bbox 1249 4840 1490 4917; x_wconf 88' lang='lat' dir='ltr'>statim</span> <span class='ocrx_word' id='word_1_275' title='bbox 1551 4861 1724 4915; x_wconf 89' lang='lat' dir='ltr'>cum</span> <span class='ocrx_word' id='word_1_276' title='bbox 1794 4840 1926 4916; x_wconf 81' lang='lat' dir='ltr'>ista</span> <span class='ocrx_word' id='word_1_277' title='bbox 1990 4837 2436 4937; x_wconf 85' lang='lat' dir='ltr'>imaginatio,</span> <span class='ocrx_word' id='word_1_278' title='bbox 2498 4858 2789 4931; x_wconf 84' lang='lat' dir='ltr'>rompeo</span> <span class='ocrx_word' id='word_1_279' title='bbox 2847 4858 2920 4910; x_wconf 78' lang='lat' dir='ltr'>se</span> 
     </span>
    </p>
   </div>
   <div class='ocr_carea' id='block_1_3' title="bbox 701 5092 2597 5162">
    <p class='ocr_par' dir='ltr' id='par_1_3' title="bbox 701 5092 2597 5162">
     <span class='ocr_line' id='line_1_34' title="bbox 701 5092 2597 5162; baseline -0.005 -10"><span class='ocrx_word' id='word_1_280' title='bbox 701 5100 756 5162; x_wconf 77' lang='lat'>(¹)</span> <span class='ocrx_word' id='word_1_281' title='bbox 787 5099 850 5151; x_wconf 88' lang='lat' dir='ltr'>E.</span> <span class='ocrx_word' id='word_1_282' title='bbox 883 5098 1078 5151; x_wconf 76' lang='lat' dir='ltr'>scilieet</span> <span class='ocrx_word' id='word_1_283' title='bbox 1108 5112 1260 5150; x_wconf 82' lang='lat' dir='ltr'>uxor.</span> <span class='ocrx_word' id='word_1_284' title='bbox 1757 5092 1814 5157; x_wconf 85' lang='lat'>(¹)</span> <span class='ocrx_word' id='word_1_285' title='bbox 1847 5094 1910 5145; x_wconf 82' lang='lat' dir='ltr'>B.</span> <span class='ocrx_word' id='word_1_286' title='bbox 1941 5094 2160 5147; x_wconf 72' lang='lat' dir='ltr'>suadere</span> <span class='ocrx_word' id='word_1_287' title='bbox 2191 5094 2305 5159; x_wconf 73' lang='lat' dir='ltr'>regi</span> <span class='ocrx_word' id='word_1_288' title='bbox 2334 5107 2401 5145; x_wconf 83' lang='lat' dir='ltr'>ne</span> <span class='ocrx_word' id='word_1_289' title='bbox 2432 5093 2597 5143; x_wconf 69' lang='lat' dir='ltr'>daret.</span> 
     </span>
    </p>
   </div>
   <div class='ocr_carea' id='block_1_4' title="bbox 4342 5301 4345 6493">
    <p class='ocr_par' dir='ltr' id='par_1_4' title="bbox 4342 5301 4345 6493">
     <span class='ocr_line' id='line_1_35' title="bbox 4342 5301 4345 6493; baseline 0 0"><span class='ocrx_word' id='word_1_290' title='bbox 4342 5301 4345 6493; x_wconf 95' lang='lat' dir='ltr'> </span> 
     </span>
    </p>
   </div>
  </div>
 </body>
</html>
