4392 6850
1238 981 1518 1038 cunm
1561 982 1880 1038 ,κω
1922 981 2259 1050 emm-m.
2774 971 2918 1038 m

573 1128 834 1224 perdi,
878 1128 1010 1202 sed
1055 1122 1465 1222 promere)
1519 1128 1698 1204 ili-d
1745 1137 2046 1224 pmpoer
2108 1129 2309 1223 quod
2368 1129 2548 1224 peut
2606 1127 2733 1204 ἰὼ
2786 1128 2924 1224 qu·

581 1247 774 1324 videt
821 1253 1110 1324 numm
1153 1267 1336 1323 (an
1388 1250 1606 1324 oeulo
1656 1249 2030 1345 sp'ritunli.
2070 1250 2215 1339 Qui
2258 1249 2463 1324 mim
2498 1250 2697 1326 videt
2744 1265 2920 1324 cu-

571 1370 794 1444 oeulo
833 1367 1202 1463 corpor-k·
1233 1375 1518 1444 tntum
1574 1370 1766 1444 solet
1817 1376 2077 1465 petere
2107 1369 2205 1446 de
2242 1370 2647 1446 inte-tione
2688 1370 2919 1445 animi

575 1497 664 1566 α
705 1490 1190 1582 οεηᾰοτεωτς
1241 1490 1370 1582 qui
1421 1508 1602 1564 vero
1657 1490 1858 1566 videt
1903 1509 2084 1565 mm
2137 1493 2361 1566 oculo
2414 1491 2797 1586 spirituali,
2842 1497 2924 1566 et

577 1611 948 1707 mit
991 1609 1538 1705 dispoffiiomm
1585 1610 2086 1706 intr-seuam,
2117 1631 2271 1685 non
2304 1612 2487 1706 petit
2519 1603 2593 1704 (²)
2623 1611 2721 1686 ad
2748 1633 2922 1688 eer—

577 1731 996 1806 tiu-ndum
1049 1751 1154 1825 se,
1195 1731 1330 1804 sed
1378 1731 1476 1806 ad
1523 1730 2112 1806 confirmandum
2149 1731 2589 1806 hominen·
2564 1753 2643 1806 m
2692 1732 2921 1807 rebus

579 1851 838 1926 (iuliis.
891 1851 1002 1925 Ad
1047 1851 1336 1926 litu-am
1387 1871 1612 1948 ergo:
1661 1850 1834 1926 dicit
1881 1849 2265 1946 Virgilius.
2318 1856 2481 1924 Noa
2518 1855 2919 1944 dinudat,

580 1975 700 2046 che
741 1973 890 2064 kd,
934 1993 1068 2064 per
1113 1975 1274 2064 ml
1321 1975 1448 2046 che
1499 1977 1684 2066 tan,
1735 1972 1944 2066 ide-t,
1990 1977 2297 2067 propter
2354 1971 2553 2046 iiiam
2606 1990 2915 2048 mum

581 2100 878 2187 propter
927 2112 1154 2184 quam
1219 2091 1399 2188 petit
1457 2092 1680 2167 homo
1739 2090 2069 2166 mortalis
2129 2091 2203 2165 in
2264 2112 2576 2186 corpore
2646 2093 2919 2188 vivenS,

579 2215 689 2286 01η·
733 2216 1022 2304 quarela
1063 2233 1208 2306 pur
1237 2233 1371 2286 oon
1411 2215 1456 2284 l'
1481 2215 1743 2304 occhiO,
1777 2212 2070 2306 scilicet,
2107 2212 2496 2307 corporali,
2535 2216 2680 2303 che,
2714 2212 2920 2308 idest,

581 2331 705 2426 qui
757 2332 1042 2426 oculus,
1075 2352 1222 2405 mm
1265 2333 1433 2405 vede
1464 2335 1750 2426 quando
1787 2335 1844 2406 il
1870 2354 2115 2425 corpe,
2152 2331 2447 2425 seilicet,
2482 2333 2917 2428 humanum,

577 2455 776 2542 qiace
808 2453 1258 2544 disanimato,
1283 2451 1490 2546 idest,
1522 2459 1944 2546 mortuum3
1982 2450 2154 2547 quia
2190 2459 2351 2547 post
2387 2458 2701 2528 mortem
2738 2474 2923 2528 ocu-

581 2572 694 2644 lus
753 2570 1066 2645 hominis
1127 2592 1273 2646 non
1337 2572 1554 2666 videt,
1606 2573 1734 2646 sed
1801 2571 2192 2666 spiritualis
2260 2572 2381 2645 sic.
2446 2571 2651 2648 Unde
2708 2572 2915 2648 dicit:

581 2712 696 2764 ma
744 2693 1159 2766 dimanda'ci
1195 2715 1332 2786 per
1378 2695 1518 2766 dar
1560 2696 1779 2786 [οντα
1819 2695 1897 2765 αἱ
1930 2694 2161 2785 piade,
2214 2692 2340 2786 qui
2394 2694 2778 2788 tremebat,
2844 2701 2919 2768 et

583 2811 885 2886 timebat
911 2811 1188 2888 intrare
1221 2814 1467 2888 locum
1506 2812 1627 2886 ubi
1666 2817 2028 2909 purgatur
2060 2811 2193 2905 ira,
2235 2813 2359 2886 ubi
2396 2819 2685 2907 oportet
2722 2813 2920 2908 quod

583 2932 805 3005 homo
859 2931 1183 3008 remittat
1231 2932 1534 3007 iniurias
1581 2939 1655 3006 et
1704 2932 2039 3025 offensaS,
2083 2938 2159 3006 et
2191 2931 2482 3006 abiiciat
2514 2933 2919 3028 appetitum

585 3051 938 3126 vindictae.
992 3051 1196 3128 Unde
1249 3051 1433 3147 vide,
1485 3051 1684 3146 quod
1733 3052 1904 3126 licet
1948 3051 2136 3126 ratio
2170 3051 2515 3126 suaderet
2548 3053 2769 3127 istum
2806 3053 2921 3128 in-

584 3173 912 3267 troitum,
965 3179 1214 3248 tamen
1264 3174 1498 3268 passio
1549 3172 2038 3267 dissuadebat,
2078 3180 2154 3248 et
2203 3172 2526 3247 dicebat:
2583 3175 2750 3248 volo
2790 3195 2921 3269 po-

583 3293 728 3368 tius
777 3294 890 3368 ire
942 3313 1071 3388 per
1121 3313 1418 3368 omnem
1456 3293 1650 3368 viam
1687 3293 1973 3388 inferni,
2009 3313 2233 3386 quam
2273 3312 2403 3388 per
2443 3293 2679 3367 istam.
2715 3293 2921 3369 Unde

582 3414 790 3491 dicit:
842 3407 985 3489 cosi
1033 3416 1384 3488 convita-nsi
1424 3418 1753 3509 sruyare,
1799 3413 2006 3508 idest,
2043 3414 2426 3489 stimulare
2458 3420 2533 3489 et
2568 3435 2918 3512 pungere,

581 3539 610 3608 i
645 3538 870 3629 piari,
906 3537 1094 3626 lenti,
1129 3534 1258 3628 qui
1291 3541 1462 3608 sunt
1492 3534 1682 3609 tardi
1732 3533 1822 3609 ad
1877 3533 2376 3629 poenitentiam
2432 3535 2725 3628 quando
2777 3540 2921 3609 ste-

583 3661 834 3731 terunt
881 3654 1005 3728 diu
1060 3654 1133 3728 in
1183 3674 1443 3729 somno
1494 3655 1792 3749 peceati,
1845 3657 1946 3729 ad
1991 3676 2166 3729 usar
2208 3658 2323 3728 lor
2368 3658 2606 3746 m'yilia
2639 3656 2921 3747 quando

583 3779 802 3867 riade,
843 3775 1046 3869 idest,
1083 3774 1376 3870 quando
1426 3775 1844 3850 excitantur
1894 3782 1968 3850 et
2016 3774 2503 3871 disponuntur
2544 3776 2636 3849 ad
2689 3776 2923 3871 poeni-

589 3896 940 3988 tentiam3
993 3895 1094 3970 ita
1144 3894 1343 3989 quod
1392 3894 1734 3992 Virgilius
1785 3895 1861 3969 in
1910 3894 2028 3970 illa
2091 3894 2435 3991 petitione
2494 3916 2628 3970 sua
2683 3917 2922 3991 pupu-

585 4022 798 4113 gerat
845 4015 1081 4111 ipsum
1135 4014 1375 4109 tacite,
1441 4015 1651 4110 quasi
1700 4016 2016 4091 diceret:
2080 4019 2174 4091 ab
2236 4016 2434 4089 canis
2502 4017 2920 4110 inhumane,

586 4156 820 4231 quare
869 4155 949 4210 es
983 4133 1238 4209 tardus
1269 4134 1362 4209 ad
1399 4134 2027 4230 parcendum?—
2053 4138 2209 4209 Noi.
2246 4135 2375 4209 Hic
2412 4136 2672 4210 ultimo
2704 4142 2919 4231 poeta

585 4256 930 4331 claudens
979 4254 1378 4351 capitulum
1434 4254 1662 4352 tangit
1723 4255 2105 4331 materiam
2169 4255 2539 4349 sequentis
2602 4255 2920 4351 capituli,

587 4395 753 4469 quae
802 4381 912 4449 est
961 4374 1053 4450 de
1103 4394 1320 4471 poena
1371 4374 1921 4470 iracundorum,
1974 4381 2050 4449 et
2098 4375 2337 4470 primo
2407 4375 2637 4471 tangit
2697 4397 2920 4450 suum

585 4515 1032 4591 processum,
1083 4496 1370 4570 dicens:
1425 4498 1562 4569 Not*
1611 4498 1968 4569 andavam
2012 4516 2146 4588 per
2194 4498 2265 4567 lo
2324 4516 2609 4587 vespero
2660 4500 2920 4589 attenti,

581 4615 674 4691 ad
725 4636 993 4691 novam
1035 4622 1110 4690 et
1142 4615 1405 4691 fortem
1459 4616 1866 4710 materiam,
1902 4618 2104 4707 oure,
2139 4622 2399 4708 quanto
2426 4612 2634 4708 pote'n
2666 4619 2769 4705 912·
2802 4638 2921 4690 oc-

583 4736 692 4809 cln‘
730 4737 1152 4827 allunyarsi,
1184 4743 1438 4809 contm
1485 4738 1513 4808 i
1559 4738 1797 4827 rayyi,
1847 4734 2140 4831 scilicet,
2175 4734 2367 4828 soliS,
2418 4739 2704 4808 serotini
2740 4757 2778 4808 e
2816 4739 2925 4809 lu-

581 4857 783 4945 centi,
833 4854 1008 4947 quia
1058 4854 1278 4930 flebat
1329 4874 1519 4949 seru,
1571 4861 1646 4929 et
1695 4854 1804 4929 sol
1855 4854 2160 4929 tendens
2193 4854 2286 4929 ad
2336 4874 2679 4929 occasum
2722 4862 2920 4932 recte

710 5104 766 5167 (¹)
797 5104 860 5155 B·
891 5106 982 5156 sed
1013 5111 1227 5170 propter
1255 5108 1396 5171 quod
1427 5107 1574 5170 peut.
1840 5104 1898 5170 (⁸)
1930 5111 2038 5168 11⁷,
2071 5108 2200 5171 petit
2232 5105 2617 5157 certificandum
2648 5118 2720 5167 ee,
2752 5106 2858 5158 sed.
