4392 6850
1388 896 1529 964 546
2098 906 2504 964 commun
2554 907 2996 963 runenonu

1383 1054 1475 1128 ad
1526 1052 1797 1129 coelum
1848 1051 2036 1127 duos
2075 1045 2514 1127 clarissimos
2547 1059 2821 1148 poetaS,
2860 1071 3093 1125 unum
3135 1049 3548 1147 antiquum,
3585 1051 3726 1126 sci-

1382 1173 1572 1268 licet,
1627 1172 1961 1265 Statium,
2027 1171 2256 1247 alium
2317 1174 2785 1267 modernum,
2853 1171 3145 1265 scilicet,
3213 1173 3566 1247 Dantem:
3635 1172 3726 1247 de

1385 1291 1683 1391 Virgilio
1735 1312 1881 1366 non
1933 1292 2220 1387 loquor,
2253 1292 2424 1387 qnia
2461 1313 2607 1368 non
2659 1292 2789 1366 ivit
2825 1293 2920 1367 ad
2959 1293 3254 1366 coelum.
3283 1296 3560 1366 -Ροί,
3597 1292 3728 1366 Hic

1382 1419 1600 1511 poeta
1649 1411 1987 1487 describit
2038 1412 2440 1487 clamorem
2493 1412 2619 1506 qui
2647 1403 2724 1505 (¹)
2775 1412 2886 1487 est
2935 1417 3232 1487 secutus
3295 1412 3387 1487 ad
3445 1419 3728 1488 tremo-

1386 1554 1584 1611 rem:
1635 1534 1835 1607 hunc
1884 1534 2284 1607 clamorem
2337 1553 2690 1629 magnum
2729 1532 3064 1607 fecerunt
3099 1533 3393 1628 spiritus
3433 1554 3526 1609 ex
3561 1554 3726 1609 ma·-

1382 1674 1531 1751 gno
1564 1652 1834 1750 gaudio
1870 1673 2001 1747 per
2034 1651 2537 1727 liberationem
2577 1652 2802 1745 Statii,
2839 1658 2924 1725 ut
2962 1652 3247 1729 dicetur
3282 1653 3354 1727 in
3389 1654 3723 1747 sequenti

1384 1774 1723 1869 capitulo.
1778 1772 1965 1848 Dicit
2004 1793 2224 1869 ergo:
2261 1776 2396 1845 Poi
2427 1764 2762 1847 comino-ic)
2797 1776 2894 1847 da
2929 1780 3086 1847 tutoe
3121 1778 3323 1867 parti
3351 1795 3448 1847 un
3485 1776 3726 1867 qrido,

1390 1915 1525 1991 per
1572 1914 1829 1970 omnes
1896 1893 2210 1969 circulos
2261 1892 2550 1987 montiS,
2603 1896 2726 1983 tal,
2785 1894 2905 1966 che
2927 1896 2978 1966 ’l
3035 1900 3342 1967 maescro
3398 1890 3602 1967 iuver
3648 1897 3727 1967 di

1386 2038 1495 2091 me
1544 2019 1609 2089 si
1648 2020 1790 2109 seo,
1832 2015 1925 2090 ad
1982 2034 2445 2108 succursum,
2487 2016 2818 2087 dicendo.-
2853 2034 2998 2087 non
3045 2015 3343 2087 dubbtar
3391 2016 3637 2088 menlr'
3653 2017 3726 2088 io

1296 2213 1303 2219 ,
1388 2140 1441 2211 ει·
1485 2139 1727 2228 quido,
1795 2134 2001 2228 idest,
2054 2155 2200 2208 non
2251 2134 2510 2208 timeas
2560 2134 2794 2209 donec
2843 2134 3036 2209 duco
3093 2142 3190 2229 te,
3241 2134 3416 2229 quia
3477 2134 3534 2209 si
3595 2134 3729 2209 de-

1378 2255 1581 2361 ⁸fendi
1624 2262 1697 2329 te
1728 2254 1803 2328 in
1854 2253 2138 2329 inferno
2191 2259 2444 2327 contra
2481 2254 2728 2330 omnia
2771 2254 3142 2349 terribilia,
3179 2260 3453 2349 quanto
3488 2253 3725 2351 magis

1386 2376 1463 2450 in
1514 2373 1963 2471 purgatorio.
2034 2374 2123 2447 Et
2188 2374 2502 2467 explicat
2568 2394 2826 2449 vocem
2889 2374 3392 2467 clamantium,
3431 2373 3726 2449 dicens:

1388 2501 1538 2571 tutti
1584 2499 1830 2570 dicean
1846 2520 1870 2567 .·
1926 2497 2173 2569 Gloria
2220 2498 2298 2567 in
2347 2498 2660 2569 Excelsis
2705 2499 2881 2586 Dee,
2924 2516 3059 2588 per
3109 2497 3268 2587 quel
3311 2497 3432 2570 che
3477 2497 3574 2568 da
3623 2497 3732 2567 vi-

1386 2620 1499 2691 cin
1548 2618 1915 2708 compresi,
1965 2636 2009 2689 a
2040 2605 2111 2707 (²)
2150 2610 2518 2710 spiritibus
2561 2614 2658 2689 ibi
2695 2614 3133 2709 jacentibus,
3167 2618 3350 2688 onde
3399 2619 3468 2688 lo
3515 2618 3727 2707 yrido

1386 2741 1451 2811 si
1491 2742 1696 2830 poteo
1744 2737 2115 2809 intendere.
2171 2733 2258 2807 Et
2297 2733 2400 2809 sic
2434 2734 2600 2809 vide
2633 2734 2832 2827 quod
2863 2740 3079 2831 poeta
3117 2734 3378 2809 merito
3415 2735 3554 2809 hoc
3591 2734 3730 2808 fin-

1386 2858 1512 2955 git.
1568 2857 1769 2931 Sicut
1818 2856 2013 2931 enim
2066 2855 2306 2951 angeli
2359 2862 2846 2930 cantaverunt
2877 2875 3050 2929 cum
3085 2854 3330 2930 laetitia
3366 2857 3725 2953 hymnum

1389 2978 1613 3052 istum
1668 2977 1964 3071 quando
2018 2981 2396 3051 natusest
2445 2975 2892 3070 Redemptor
2941 2976 3194 3050 mundi
3229 2966 3330 3070 (³),
3382 2976 3480 3051 ita
3513 2996 3730 3051 -nunc

1388 3098 1686 3193 spiritus
1738 3096 2033 3191 quando
2082 3096 2390 3171 liberata
2443 3100 2554 3169 est
2611 3094 2878 3169 anima.
2943 3095 3030 3167 Et
3091 3094 3320 3191 tangit
3381 3094 3726 3171 effectum

1388 3218 1732 3293 clamoris
1764 3217 2048 3292 dicens:
2084 3221 2208 3291 noi
2245 3220 2312 3290 α’
2333 3224 2712 3289 reseammo
2741 3216 3074 3290 immobili
3105 3236 3142 3289 e
3173 3220 3461 3309 sospesi,
3493 3216 3728 3291 allecit

1388 3338 1753 3413 suavitate
1778 3344 2062 3432 cantus,
2097 3358 2290 3410 come
2321 3338 2674 3429 ipastori,
2721 3342 3054 3430 tempore
3095 3336 3486 3410 nativitatis
3519 3336 3730 3411 Chri-

1389 3459 1502 3552 sti,
1554 3461 1675 3532 che
1709 3463 1881 3552 pria
1912 3462 2077 3532 udir
2111 3461 2271 3550 quel
2298 3465 2533 3550 canto,
2567 3457 2861 3550 scilieet,
2896 3456 3129 3553 gloria
3178 3457 3252 3530 in
3305 3457 3610 3532 excelsis
3630 3446 3730 3552 (⁴),

1382 3581 1487 3672 fin
1520 3580 1641 3651 che
1663 3582 1715 3652 'l
1743 3586 2011 3654 tremar
2052 3569 2270 3669 cesso,
2316 3577 2646 3653 similiter
2696 3582 2772 3652 et
2821 3579 3138 3670 clamor3
3189 3582 3254 3650 et
3298 3579 3356 3649 θ’
3381 3573 3730 3670 σοηιρίεὶςί,

1391 3698 1567 3793 quia
1618 3699 1899 3775 clamor
1950 3699 2171 3773 durat
2221 3697 2574 3792 quamdiu
2641 3704 2939 3773 tremor.
2993 3698 3081 3770 Et
3142 3697 3259 3771 hic
3311 3704 3482 3771 nota
3532 3699 3728 3792 quod

1388 3819 1527 3894 ista
1579 3818 1900 3893 secunda
1952 3817 2404 3913 comparatio
2455 3837 2602 3891 non
2641 3827 2884 3913 posset
2941 3837 3102 3893 esse
3153 3818 3386 3914 magis
3437 3819 3728 3913 propria

1386 3939 1481 4013 de
1530 3938 1943 4034 pastoribus
1992 3938 2085 4012 ad
2136 3945 2410 4032 poetaS,
2463 3957 2650 4030 quos
2699 3957 2991 4034 semper
3031 3937 3374 4034 Virgilius
3419 3939 3729 4035 appellat

1388 4046 1716 4155 pastores
1766 4059 1951 4133 libro
2002 4059 2559 4133 Bucolicorum:
2613 4063 2686 4134 et
2735 4057 2866 4155 ipsi
2918 4058 3068 4132 duo
3119 4065 3332 4132 erant
3389 4058 3538 4133 duo
3597 4079 3730 4154 pa-

1390 4186 1625 4254 stores
1660 4178 1935 4274 optimi,
1972 4200 2166 4254 unus
2202 4186 2438 4272 vetuS,
2473 4178 2662 4253 alter
2695 4181 3230 4252 novus—Poi.
3268 4178 3478 4253 Nunc
3512 4187 3726 4272 poeta

1391 4300 1791 4375 revertitur
1849 4299 1942 4374 ad
2002 4297 2392 4373 materiam
2445 4319 2684 4392 suam,
2735 4297 3016 4374 dicens:
3074 4301 3204 4371 Poi
3249 4300 3722 4391 ripiyliammo

1388 4427 1631 4494 nostro
1682 4422 1914 4492 camin
1946 4426 2177 4510 santo,
2223 4417 2420 4513 quod
2453 4437 2717 4513 parum
2754 4417 3387 4492 intermiseramus
3413 4424 3727 4513 propter

1390 4546 1793 4614 tremorem
1850 4545 1925 4613 et
1974 4546 2298 4632 cantum,
2349 4540 2778 4630 quardando
2819 4540 2864 4610 1'
2889 4539 3152 4630 ombre,
3188 4537 3392 4632 idest,
3436 4537 3723 4612 animas

1388 4681 1814 4754 avarorum,
1848 4663 1967 4732 che
1998 4663 2296 4750 yiacean
2335 4681 2472 4752 per
2507 4666 2705 4733 terra
2737 4666 3009 4732 tornace
3044 4649 3193 4752 yid,
3230 4658 3523 4752 scilicet,
3563 4665 3728 4754 post

1430 4935 1438 4941 ,
1514 4873 1570 4937 (¹)
1603 4873 1665 4924 Ε.
1698 4875 1786 4938 qui
1820 4881 2167 4940 consequutus
2198 4881 2276 4926 est
2308 4875 2388 4925 nd.
2670 4875 2724 4939 (')
2756 4876 2819 4926 B.
2851 4876 3049 4927 scilicet
3080 4889 3109 4925 a
3141 4875 3421 4939 spiritibus.

1513 4950 1569 5012 (⁸)
1601 4949 1663 5000 Ε.
1695 4951 1875 5000 mundi
1906 4952 2305 5015 pretiosissimus
2335 4951 2587 5002 Dominus
2618 4958 2795 5003 noster
2825 4953 2976 5004 lesus
3004 4951 3253 5014 Christus,
3285 4953 3354 5002 ita
3385 4965 3544 5003 nunc.

1513 5027 2291 5095 (⁸)E.ecel'1)e,finehe
