4392 6850
1433 995 1712 1050 cffl‘rus
1760 993 2117 1063 QUARTUS.
2812 977 2951 1047 123

601 1139 738 1214 nisi
787 1147 1106 1217 arrestes
1161 1147 1254 1235 te,
1303 1145 1378 1214 et
1427 1145 1794 1235 expectes,
1836 1145 1912 1214 et
1961 1136 2090 1213 des
2139 1136 2455 1233 spatium
2510 1136 2950 1233 respirandi3

603 1266 681 1336 et
728 1282 861 1357 per
915 1264 1052 1336 hoc
1091 1267 1306 1356 poeta
1341 1260 1500 1335 vult
1532 1258 1801 1353 dicere,
1839 1258 2031 1354 quod
2069 1258 2239 1333 licet
2273 1258 2577 1332 haberet
2612 1257 2947 1332 animum

601 1389 1054 1479 promptum,
1093 1389 1340 1458 tamen
1378 1381 1694 1456 habebat
1737 1401 2007 1475 corpus
2037 1379 2296 1455 debile.
2332 1380 2420 1453 Et
2456 1399 2633 1454 vere
2672 1379 2949 1454 homini

603 1503 925 1580 tendenti
979 1524 1215 1600 nuper
1265 1503 1359 1577 ad
1411 1509 1562 1576 tam
1613 1501 1934 1576 arduum
1978 1506 2333 1594 montem,
2372 1500 2701 1574 modicus
2739 1499 2951 1574 labor

601 1629 714 1700 est
754 1643 978 1697 sanus
1027 1629 1103 1698 et
1151 1623 1245 1697 de
1297 1621 1480 1697 sacili
1531 1621 1888 1696 fatiscitur
1917 1615 2030 1713 (¹);
2069 1618 2233 1696 ideo
2285 1619 2484 1716 ponit
2536 1620 2949 1718 responsio-

602 1763 776 1818 nem
827 1743 1128 1842 Virgilii,
1178 1743 1463 1818 dicens:
1499 1748 1574 1817 et
1613 1742 1736 1816 ille
1769 1741 2133 1838 Virgilius,
2184 1743 2405 1814 disse:
2430 1743 2744 1834 fiqliuolo
2779 1743 2947 1831 mie,

581 1869 820 1938 -vocat
853 1884 1027 1938 eum
1067 1863 1321 1958 filium,
1358 1863 1530 1957 quia
1559 1867 1954 1938 vocaverat
1997 1882 2174 1936 eum
2212 1867 2522 1956 patrem,
2556 1865 2730 1954 infin
2764 1865 2953 1954 quivi

605 1985 659 2056 a·
706 1986 874 2074 lira,
925 1983 1128 2076 idest,
1173 2003 1413 2076 usque
1461 1982 1555 2057 ad
1605 1983 1826 2056 istum
1865 1983 2109 2056 locum
2148 1989 2476 2076 certum;
2512 1982 2711 2057 unde
2745 1982 2947 2057 dicit:

602 2109 676 2178 et
700 2105 1110 2177 addicammi
1139 2123 1236 2176 un
1270 2105 1504 2193 balzo,
1542 2100 1746 2196 idest,
1779 2109 1854 2176 et
1887 2101 2114 2197 digito
2147 2101 2678 2176 demonstravit
2716 2122 2948 2176 unum

601 2223 944 2318 gradum,
993 2244 1092 2296 zm
1145 2244 1329 2316 poco
1392 2225 1468 2295 in
1523 2243 1668 2313 sue,
1721 2221 2015 2316 scilicet,
2067 2221 2559 2317 propinquum
2624 2221 2783 2314 sibi,
2836 2223 2956 2295 che

600 2345 702 2416 da
749 2347 911 2435 quel
955 2347 1100 2417 lato
1147 2347 1204 2418 il
1242 2347 1508 2436 poyyio
1542 2350 1710 2416 tutto
1749 2345 1944 2434 pira,
1983 2341 2190 2434 idest,
2234 2361 2445 2415 mons
2484 2346 2679 2415 totus
2730 2341 2955 2416 decli-

602 2470 728 2539 nat
791 2472 866 2538 et
928 2464 1312 2538 dilatatur:
1366 2470 1439 2538 et
1496 2483 1628 2561 per
1689 2464 1828 2538 hoc
1897 2463 2275 2538 moraliter
2332 2461 2701 2556 admonet,
2754 2462 2953 2556 quod

603 2586 828 2660 homo
879 2585 1182 2660 tendens
1232 2585 1472 2680 primo
1531 2583 1622 2658 ad
1684 2584 2035 2658 virtutem
2097 2583 2317 2658 debet
2380 2603 2553 2656 cum
2608 2582 2953 2657 modera-

609 2704 806 2780 mine
857 2711 1063 2780 certo
1113 2704 1474 2801 gradatim
1528 2702 1926 2778 ascendere
1977 2711 2052 2778 et
2103 2703 2380 2799 eligere
2428 2702 2559 2776 sibi
2595 2703 2797 2777 omni
2833 2701 2951 2777 die

604 2830 882 2900 certam
937 2825 1396 2920 particulam,
1451 2824 1624 2918 quia
1677 2830 1904 2899 totam
1960 2823 2309 2898 virtutem
2366 2844 2513 2898 non
2560 2830 2805 2920 posset
2854 2822 2953 2896 si-

605 2948 758 3022 mul
811 2947 930 3020 vel
981 2947 1126 3023 cito
1174 2947 1516 3041 amplecti
1547 2939 1656 3041 (²);
1709 2947 1873 3022 ideo
1923 2949 2112 3023 bene
2162 2946 2504 3044 Virgilius
2552 2945 2949 3044 assignavit

603 3067 736 3143 sibi
789 3074 1082 3143 certum
1117 3066 1542 3141 terminum.
1595 3066 1874 3141 Idcirco
1908 3067 2148 3141 statim
2186 3065 2389 3162 ponit
2438 3067 2715 3141 bonum
2772 3065 2955 3142 effe·-

602 3195 806 3264 ctum
863 3189 1082 3262 huius
1133 3187 1302 3262 boni
1353 3187 1652 3282 consilii,
1703 3186 1989 3262 dicens:
2025 3180 2085 3260 si
2128 3191 2225 3260 mi
2271 3208 2682 3280 spronaron
2718 3189 2781 3260 le
2810 3207 2955 3278 pa·-

604 3313 758 3382 role
803 3330 952 3401 sue,
1003 3309 1209 3402 idest,
1262 3308 1448 3382 adeo
1499 3329 1622 3382 me
1672 3307 2161 3382 incitaverunt
2205 3308 2297 3381 ad
2348 3308 2567 3402 viam,
2609 3310 2807 3381 ch'io
2858 3309 2957 3380 mi

604 3434 907 3526 sforzai,
959 3432 1329 3523 carpando
1379 3450 1670 3521 apresso
1719 3450 1768 3500 a
1819 3431 1940 3519 lui,
1991 3428 2164 3522 quia
2220 3428 2515 3523 quando
2566 3429 2788 3504 homo
2840 3434 2952 3503 est
3102 3449 3111 3462 ·

606 3552 844 3626 factus
904 3558 1154 3626 certus
1193 3541 1268 3641 (³)
1336 3548 1652 3624 termino
1720 3549 2152 3644 propinquo,
2227 3570 2372 3624 non
2422 3549 2520 3622 ita
2591 3554 2951 3646 gravatur

606 3680 1300 3767 quantumcumque
1349 3670 1632 3764 fessus3
1685 3669 1884 3744 unde
1931 3668 2140 3743 dicit:
2196 3676 2391 3742 tanto
2439 3671 2634 3742 che'l
2678 3670 2955 3759 cinqhio

603 3800 784 3866 souo
832 3796 861 3865 i
899 3787 1018 3885 pie’
1073 3796 1168 3864 mi
1222 3795 1366 3886 sue,
1435 3790 1642 3884 idest,
1707 3791 1940 3865 donec
2005 3790 2298 3865 ascendi
2364 3789 2569 3864 illum
2634 3790 2950 3885 gradum

604 3932 833 4007 quem
871 3920 1405 3989 monstraverat
1443 3912 1641 3986 mihi.
1679 3911 2066 4007 Cinghium
2105 3912 2303 3987 enim
2338 3906 2702 4007 appellant
2740 3930 2955 3983 mon-

605 4034 756 4108 tani
809 4054 1070 4108 zonam
1125 4034 1548 4129 quamdam,
1587 4054 1755 4127 quae
1791 4039 2094 4127 apparet
2134 4032 2571 4107 naturaliter
2622 4030 2695 4105 in
2748 4018 2952 4127 saxo,

605 4162 683 4231 et
733 4155 838 4230 sic
889 4154 1248 4249 requievit
1299 4154 1394 4229 ibi
1446 4175 1619 4230 cum
1671 4175 2006 4249 corpore,
2059 4153 2185 4230 sed
2239 4173 2386 4227 non
2444 4174 2617 4227 cum
2679 4151 2952 4226 animo.

755 4282 816 4349 A
867 4279 1072 4349 seder
1119 4279 1183 4348 ci
1219 4296 1612 4368 ponemmO.
1665 4275 1806 4351 Ista
1852 4281 1963 4350 est
2003 4274 2324 4349 secunda
2359 4294 2529 4369 pars
2567 4272 2953 4371 generaliS,
3036 4361 3072 4391 .-

609 4396 682 4469 in
731 4416 880 4490 qua
935 4400 1148 4489 poeta
1185 4400 1434 4469 noster
1465 4394 1808 4469 describit
1839 4393 2381 4489 dispositionem
2424 4393 2590 4468 coeli
2632 4392 2765 4467 illis
2800 4392 2959 4468 exi-

605 4516 964 4591 stentibus
1014 4515 1087 4589 in
1139 4515 1260 4589 illo
1311 4515 1790 4611 hemisperi03
1843 4522 1920 4591 et
1977 4514 2215 4611 primo
2266 4513 2700 4590 continuans
2762 4513 2955 4588 dicta

605 4634 922 4711 dicendis
973 4635 1284 4711 ostendit
1333 4636 1706 4730 quomodo
1755 4635 2039 4711 dederit
2087 4654 2168 4709 se
2226 4633 2453 4729 quieti
2506 4632 2832 4728 corporis
2883 4640 2959 4709 et

604 4756 840 4831 labori
897 4756 1184 4851 mentis,
1233 4756 1520 4831 dicens:
1575 4758 1917 4846 ambedui,
1970 4754 2262 4848 scilicet,
2298 4772 2439 4849 ego
2490 4754 2759 4827 Dantes
2814 4753 2957 4827 fes-

604 4898 730 4952 sus
781 4884 856 4952 et
905 4876 1244 4973 Virgilius
1293 4876 1530 4973 gratia
1584 4876 1753 4971 mei,
1797 4879 1862 4949 ci
1901 4894 2273 4969 ponemmo
2324 4895 2373 4946 a
2422 4876 2626 4947 seder
2657 4877 2779 4965 ivi,
2814 4874 2954 4949 sci-

730 5061 786 5127 ζ’)
822 5064 882 5114 Ε.
915 5064 1245 5114 satisfacitur.
1793 5060 1848 5125 (²)
1881 5063 1942 5113 E.
1977 5061 2269 5126 complecti.

731 5139 788 5203 (⁸)
821 5144 912 5191 117
944 5152 976 5190 e
1008 5140 1070 5191 E.
1101 5147 1278 5192 certus
1309 5141 1375 5194 de
1408 5142 1649 5192 termino.
