4392 6850
1513 973 1790 1030 CANTUS
1837 976 2124 1032 ramus.
2900 968 2993 1036 23

642 1120 1004 1194 luntatem
1057 1118 1435 1214 nobilium,
1472 1121 1600 1214 qui
1644 1122 1843 1196 hunc
1884 1123 2128 1198 virum
2167 1121 2477 1197 oderant
2510 1129 2585 1199 et
2619 1124 2996 1220 timebant,

575 1261 582 1268 ·
644 1239 881 1314 factus
931 1258 1192 1314 censor
1243 1260 1416 1314 cum
1468 1240 1544 1314 L.
1601 1241 1890 1316 Valerio
1940 1242 2198 1317 Flacco
2260 1263 2483 1338 quem
2552 1245 2707 1339 ipse
2768 1245 2999 1320 voluit

643 1362 1002 1457 collegam
1061 1360 1211 1456 egit
1275 1360 1818 1437 severissimam
1883 1382 2304 1458 censuram,
2368 1365 2643 1438 multos
2708 1370 2997 1440 notatos

645 1482 942 1559 infamia
993 1482 1270 1578 expulit
1319 1482 1414 1557 de
1456 1483 1755 1577 Senatu,
1793 1484 2163 1579 praecipue
2210 1485 2287 1556 L.
2326 1485 2676 1574 Quintum
2722 1486 2995 1561 Flami-

643 1603 848 1677 nium
901 1602 1210 1677 fratrem
1244 1602 1380 1675 Titi
1415 1603 1747 1678 Flaminii
1795 1604 2042 1701 magni
2084 1603 2311 1698 ducis,
2349 1605 2477 1698 qui
2516 1606 2790 1680 vicerat
2824 1605 2994 1680 Phi·

641 1723 918 1820 lippum
973 1743 1232 1818 regem
1285 1723 1746 1818 Macedoniae,
1784 1725 1958 1819 quia
1993 1725 2114 1800 ille
2153 1724 2425 1799 Lucius
2458 1725 2847 1801 Placentiae
2880 1727 2993 1801 fe-

643 1849 846 1920 cerat
913 1843 1308 1939 decapitari
1376 1843 1752 1918 hominem
1825 1844 1899 1918 in
1963 1845 2300 1919 convivio
2371 1845 2711 1939 quamvis
2776 1866 2991 1920 reum

646 1964 902 2040 mortis
934 1963 1030 2039 ad
1061 1963 1478 2038 instantiam
1517 1963 1732 2038 unius
1767 1985 1923 2038 suae
1957 1964 2473 2059 meretriculae,
2502 1985 2671 2059 quae
2705 1964 2993 2038 dicebat

645 2105 1058 2179 numquam
1124 2083 1386 2158 vidisse
1444 2084 1818 2158 bominem
1879 2083 2263 2178 decollari3
2326 2103 2573 2160 mores
2638 2105 2867 2159 novos
2918 2091 2995 2159 et

643 2213 1030 2300 corruptos
1079 2205 1469 2300 extirpavit
1517 2211 1592 2279 et
1641 2205 1980 2298 antiquos
2035 2205 2497 2280 reformavit:
2552 2211 2629 2281 et
2676 2212 2761 2280 ut
2813 2227 2993 2281 con-

640 2325 932 2400 cludam
985 2324 1152 2419 cito,
1204 2325 1366 2400 talis
1415 2324 1552 2401 fuit
1601 2325 1737 2400 ista
1795 2345 2134 2419 censura,
2187 2324 2389 2419 quod
2438 2345 2611 2399 cum
2665 2326 2869 2421 prius
2920 2332 2993 2402 et

639 2450 890 2540 postea
944 2443 1155 2517 multi
1214 2443 1487 2518 fuerint
1547 2464 1888 2519 censores
1955 2444 2092 2518 viri
2161 2445 2501 2539 illustreS,
2554 2446 2733 2520 Cato
2792 2447 2989 2520 solus

639 2566 918 2640 meruit
961 2583 1374 2660 cognomen
1425 2565 1772 2658 censoriS,
1823 2571 1898 2639 et
1957 2571 2263 2639 vocatus
2321 2571 2431 2640 est
2481 2566 2659 2640 Cato
2713 2567 2987 2642 Censo-

641 2686 793 2761 rius
821 2679 922 2779 (¹).
975 2686 1082 2760 De
1133 2686 1408 2760 Catone
1457 2684 1840 2780 superiore
1873 2684 2044 2760 satis
2083 2685 2361 2760 dictum
2406 2691 2555 2761 est:
2606 2686 2699 2760 de
2749 2697 2993 2782 poste-

642 2806 838 2880 riore
901 2804 1092 2880 dicta
1169 2812 1342 2886 sunt
1413 2805 1771 2880 mirabilia
1836 2805 2101 2880 Inferni
2175 2805 2497 2900 capitulo
2564 2807 2771 2879 XIIII.
2858 2807 2991 2882 Hic

645 2926 840 3002 enIm
892 2925 1072 2999 Cato
1121 2925 1378 2998 habuit
1429 2945 1696 3018 corpus
1746 2924 2190 3021 infatigabile
2240 2931 2315 3000 et
2366 2926 2697 3000 animum
2753 2927 2991 3001 invin-

641 3046 954 3140 cibilem,
990 3046 1117 3139 qui
1169 3045 1454 3120 fortiter
1503 3052 1578 3120 et
1610 3045 1970 3140 patienter
2003 3045 2323 3140 portavit
2356 3045 2431 3121 in
2462 3067 2689 3121 arena
2730 3046 2991 3123 Africae

639 3166 886 3241 omnia
955 3165 1436 3240 intolerabilia
1495 3165 1983 3259 incommoda,
2037 3165 2387 3260 pericula,
2448 3166 2740 3260 damna,
2802 3166 2990 3241 sicut

637 3285 1060 3368 violentiam
1139 3286 1336 3360 venti
1411 3284 1754 3379 austrini,
1833 3305 2221 3360 excessum
2298 3285 2593 3379 caloriS,
2668 3285 2987 3380 inopiam

635 3427 1035 3501 aquarum,
1067 3426 1400 3481 errorem
1429 3405 1748 3499 viarum,
1775 3405 2093 3481 multum
2132 3405 2397 3481 timens
2435 3406 2778 3481 omnibus
2813 3405 2987 3501 suiS,

635 3526 768 3601 sibi
825 3547 1008 3601 vero
1071 3525 1270 3599 nihil.
1323 3524 1467 3601 Sed
1530 3526 1780 3600 omnia
1840 3527 1999 3601 haec
2067 3526 2261 3601 mala
2323 3532 2539 3601 erant
2596 3526 2985 3601 Iaevissima

631 3647 768 3721 nisi
833 3645 1236 3723 invenisset·
1283 3646 1574 3721 diversa
1635 3665 1912 3743 genera
1974 3652 2399 3741 serpentum
2466 3647 2985 3742 pestilentium,

637 3767 1116 3865 infligendum
1171 3766 1377 3841 varia
1425 3786 1704 3861 genera
1755 3766 2108 3841 mortium
2161 3766 2508 3859 inaudita,
2552 3767 2740 3842 sicut
2771 3768 2987 3863 plene

635 3889 986 3983 scriptum
1039 3898 1150 3963 est
1199 3886 1468 3963 Inferni
1533 3888 1853 3983 capitulo
1904 3887 2159 3961 XXIIII
2210 3893 2283 3961 et
2335 3886 2554 3981 XXV,
2612 3894 2689 3963 et
2740 3895 2989 3963 tamen

633 4009 828 4085 inter
881 4014 986 4083 tot
1033 4013 1274 4101 pestes
1323 4013 1397 4082 et
1449 4013 1726 4082 mortes
1783 4028 2094 4081 suorum
2159 4028 2573 4101 numquam
2634 4007 2751 4081 hic
2806 4008 2986 4082 Cato

637 4130 836 4205 visus
886 4134 998 4203 est
1047 4128 1324 4203 fractus
1365 4133 1494 4201 aut
1538 4127 1954 4224 negligens3
1998 4127 2148 4201 imo
2185 4128 2421 4201 virtus
2454 4126 2745 4201 Catonis
2784 4127 2987 4199 simi-

633 4252 720 4325 lis
753 4256 918 4327 erat
965 4248 1222 4324 virtuti
1273 4247 1640 4322 nutritivae
1691 4268 1858 4342 quae
1909 4268 2322 4342 numquam
2366 4247 2692 4341 quiescit,
2728 4247 2879 4321 imo
2906 4238 2980 4339 (²)

634 4372 918 4449 caeteris
943 4368 1490 4466 quiescentibus
1540 4368 1694 4464 ipsa
1745 4369 2018 4466 vigilat,
2071 4376 2147 4444 et
2193 4368 2426 4464 magis
2459 4368 2745 4442 laborat
2780 4367 2985 4464 dige-

631 4494 864 4571 rendo
915 4492 1166 4567 cibum
1219 4496 1294 4564 et
1345 4488 1824 4564 ministrando
1873 4488 2219 4563 omnibus
2272 4487 2625 4561 membris
2672 4486 2985 4561 alimen-

629 4620 814 4687 tum.
882 4612 1056 4691 Ideo
1121 4610 1298 4685 Cato
1363 4609 1498 4683 iste
1561 4607 1964 4683 merentius
2027 4607 2547 4701 triumphasset
2604 4606 2699 4681 de
2757 4627 2985 4683 arena

629 4732 916 4827 Africae,
967 4752 1196 4826 quam
1249 4724 1438 4804 alter
1489 4729 1668 4804 Cato
1717 4749 1854 4823 pro
1903 4727 2243 4823 Hispania
2294 4726 2709 4823 subiugata.
2760 4728 2982 4803 Multa

631 4852 943 4951 sparsim
995 4851 1264 4946 scripta
1313 4856 1486 4924 sunt
1535 4848 1732 4944 apud
1776 4848 2106 4924 diversos
2153 4854 2455 4923 autores
2504 4847 2597 4921 de
2647 4847 2986 4921 laudibus

761 5103 816 5165 (¹)
848 5102 910 5152 E.
943 5101 1268 5155 Censorinus.
1736 5097 1790 5162 (¹)
1825 5101 1885 5151 E.
1921 5101 2010 5150 sed
2041 5100 2259 5151 ceteris.
