4392 6850
1392 964 1488 1031 82
2117 975 2524 1030 COMENTUM
2574 975 3011 1030 Punouonu

1391 1122 1600 1220 gregi
1651 1122 1944 1197 illarum
1995 1121 2440 1215 animarum,
2500 1120 2672 1196 dicit
2722 1117 2921 1214 quod
2969 1118 3125 1214 ipse
3174 1118 3372 1192 solus
3423 1116 3741 1192 recurrit

1391 1242 1485 1316 ad
1535 1243 1800 1317 ducem
1851 1264 2070 1317 suum
2125 1242 2537 1338 Virgilium,
2575 1241 2733 1314 sine
2774 1259 2927 1333 quo
2962 1259 3111 1314 non
3146 1243 3449 1334 poterat
3482 1257 3740 1313 ascen-

1392 1362 1570 1437 dere
1622 1370 1970 1438 montem.
2024 1363 2210 1438 Dicit
2258 1383 2441 1459 ergo
2502 1359 3042 1436 continuative:
3112 1361 3196 1432 10
3254 1360 3353 1431 mi
3406 1359 3743 1448 minin-si,

1394 1481 1597 1578 idest,
1650 1483 1955 1558 strictim
2010 1482 2270 1559 reduxi
2322 1502 2469 1578 me,
2520 1485 2669 1555 alla
2710 1483 2865 1574 fida
2914 1499 3337 1572 compaqna,
3390 1477 3595 1574 idest,
3649 1479 3741 1552 ad

1396 1602 1778 1698 Virgilium
1833 1603 2119 1678 fidelem
2172 1603 2525 1696 amicum,
2578 1600 2706 1696 qui
2758 1620 3171 1694 numquam
3207 1597 3531 1674 deseruit
3564 1619 3737 1674 eum

1397 1746 1792 1820 quousque
1858 1725 2092 1822 potuit
2137 1725 2421 1800 sociare
2480 1723 2769 1819 ipsum3
2830 1721 2957 1815 qui
3017 1720 3359 1818 Virgilius
3401 1720 3556 1814 jam
3610 1720 3740 1795 de-

1400 1847 1684 1922 stiterat
1712 1839 1783 1939 (⁴)
1839 1868 1886 1921 a
1936 1847 2132 1942 suga,
2186 1867 2462 1938 aveyna
2511 1847 2629 1918 che
2680 1847 2753 1917 la
2800 1843 3124 1916 subitam
3160 1846 3365 1936 fitqa,
3416 1848 3577 1936 post
3622 1860 3743 1916 re-

1401 1967 1958 2062 prehensionem
2012 1965 2325 2060 Catonis,
2378 1968 2810 2057 disperyesse
2856 1966 3081 2053 color,
3130 1960 3337 2054 idest,
3388 1961 3544 2035 illas
3584 1961 3745 2035 ani-

1398 2106 1561 2160 mas
1612 2107 1860 2180 vanaS,
1909 2085 2124 2180 quasi
2173 2084 2403 2159 dicat:
2455 2083 2623 2160 licet
2673 2083 3050 2178 dispersim
3095 2082 3437 2178 fugerent
3486 2100 3745 2157 omnes

1400 2204 1556 2280 sine
1589 2205 1799 2301 duce,
1831 2228 1962 2298 per
2001 2209 2073 2279 la
2121 2225 2549 2298 campagna,
2586 2203 2791 2298 idest,
2828 2201 3199 2298 planitiem
3238 2200 3427 2275 illius
3463 2201 3746 2296 insulae,

1397 2327 1636 2399 rivolta·
1681 2329 1760 2399 al
1805 2333 2050 2419 monle,
2095 2324 2368 2398 scilicet
2417 2323 2825 2420 purgatorii
2880 2322 3258 2398 tendentes
3308 2342 3570 2396 versus
3620 2343 3747 2397 oc-

1400 2445 1760 2521 cidentem
1814 2466 1985 2520 cum
2040 2446 2194 2518 sole
2243 2466 2288 2519 a
2340 2455 2573 2540 tergo,
2626 2464 2753 2517 ove
2809 2446 3069 2534 rayion
3118 2464 3205 2516 ne
3248 2447 3497 2537 fruqa,
3545 2442 3748 2538 idest,

1405 2568 1481 2641 in
1530 2587 1680 2660 quo
1733 2566 2010 2662 justitia
2071 2564 2399 2639 stimulat
2458 2571 2533 2640 et
2592 2571 2861 2660 purgat
2887 2555 2961 2657 (²)
3032 2584 3184 2639 nos,
3248 2563 3335 2636 Et
3403 2564 3750 2638 continuo

1405 2687 1571 2761 facit
1603 2687 2184 2782 antipophoram,
2223 2685 2507 2759 dicens:
2550 2706 2742 2758 come
2782 2687 2975 2757 sarci
3005 2687 3075 2757 io
3114 2705 3331 2757 senza
3366 2687 3464 2757 lui
3493 2691 3751 2758 corso?

1405 2807 1592 2882 sicut
1656 2807 1974 2881 feceram
2043 2806 2265 2900 paulo
2323 2812 2496 2880 ante
2557 2825 2729 2879 cum
2802 2825 2916 2899 eo,
2978 2804 3189 2898 quasi
3247 2805 3484 2879 dicat:
3548 2804 3749 2878 nullo

1406 2927 1660 3021 modo;
1688 2927 1797 2999 chi
1823 2928 2124 2998 m'avria
2157 2933 2369 2998 tralto
2401 2946 2484 2997 su
2504 2925 2647 3017 per·
2664 2927 2738 2998 la
2764 2930 3205 3016 montayna?
3230 2929 3379 2999 tam
3410 2924 3747 3018 arduam,

1409 3055 1492 3122 ut
1540 3048 1825 3123 dicetur
1875 3047 2093 3142 paulo
2136 3053 2319 3142 post,
2363 3045 2571 3140 quasi
2620 3046 2850 3121 dicat:
2895 3046 3139 3119 nullus
3182 3045 3314 3119 nisi
3356 3045 3530 3140 ipse,
3577 3045 3752 3140 quia

1407 3169 1560 3244 sola
1612 3167 1799 3242 ratio
1851 3166 2048 3242 ducit
2099 3166 2473 3241 hominem
2526 3165 2620 3240 ad
2670 3167 3017 3240 virtutem
3084 3165 3540 3241 illuminante
3598 3167 3753 3242 sole

1406 3289 1670 3363 divinae
1721 3288 1998 3384 gratiae.
2025 3328 2125 3342 —
2151 3290 2241 3360 Ei
2302 3291 2398 3360 mi
2448 3307 2702 3380 parea.
2757 3286 2886 3361 Hic
2944 3293 3159 3382 poeta
3224 3287 3565 3362 describit
3622 3287 3757 3362 bo-

1410 3430 1583 3483 nam
1635 3406 2172 3503 dispositionem
2228 3407 2502 3505 Virgilii
2554 3413 2631 3482 et
2680 3407 2818 3502 sui,
2874 3407 3047 3503 quia
3096 3407 3366 3483 scilicet
3415 3407 3759 3506 Virgilius

1413 3529 1674 3606 redivit
1723 3528 1815 3603 ad
1867 3550 2079 3603 suam
2132 3529 2596 3625 gravitatem,
2650 3535 2725 3602 et
2775 3528 2929 3623 ipse
2978 3527 3071 3603 ad
3104 3550 3324 3603 suum
3361 3529 3757 3625 principale

1411 3650 1808 3743 intentum3
1859 3649 2058 3723 unde
2108 3648 2279 3725 dicit
2328 3650 2566 3745 primo
2616 3650 2709 3729 de
2764 3633 3099 3746 Virgilio:
3144 3654 3209 3723 ei
3245 3653 3343 3723 mi
3378 3672 3617 3744 parea
3666 3654 3763 3724 da

1410 3791 1488 3843 se
1536 3776 1748 3843 stesso
1787 3772 2121 3861 rimorw,
2155 3768 2449 3864 scilicet,
2487 3790 2826 3845 remorsu
2860 3758 2933 3861 (³)
2970 3769 3451 3845 conscientiae.
3496 3770 3763 3845 Dicunt

1413 3888 1624 3963 multi
1676 3888 1771 3964 de
1833 3909 2092 3964 errore
2149 3910 2311 3985 suo,
2363 3888 2537 3983 quia
2596 3910 2819 3983 supra
2880 3872 3270 3964 vacaverat
3334 3890 3434 3965 ita
3484 3897 3763 3965 attente

1415 4009 1658 4085 cantui
1689 3997 1764 4102 (⁴)
1816 4009 2006 4084 illius
2058 4011 2391 4085 Casellae:
2440 4017 2519 4083 tu
2572 4030 2753 4084 vero
2786 4009 2902 4084 dic
2941 4009 3140 4103 quod
3175 4015 3335 4085 erat
3382 4032 3763 4087 remorsus

1417 4150 1550 4226 pro
1620 4130 2024 4205 festinantia
2093 4150 2382 4224 cursuS,
2434 4149 2602 4224 quae
2661 4128 3110 4204 disconvenit
3170 4130 3329 4203 viro
3390 4131 3624 4226 gravi,
3680 4137 3762 4205 ut

1415 4250 1740 4325 declarat
1786 4250 1997 4326 litera
2048 4270 2386 4345 sequens.
2430 4250 2635 4325 Unde
2669 4251 3033 4324 exclamat
3070 4250 3143 4323 in
3184 4252 3763 4327 commendatio-

1419 4390 1590 4443 nem
1641 4371 1856 4445 bonae
1905 4370 2411 4445 conscientiae:
2473 4374 2559 4461 0,
2611 4368 2816 4465 idest,
2866 4369 3049 4461 dico,
3095 4373 3483 4444 coscienzia
3530 4374 3767 4464 diani-

1419 4497 1598 4580 tosa,
1649 4490 1852 4585 idest,
1903 4489 2375 4586 dignitatibus
2426 4489 2662 4584 plena,
2729 4511 2768 4562 e
2815 4497 3025 4580 necta,
3072 4489 3275 4584 idest,
3321 4511 3529 4585 pura.
3572 4492 3769 4567 Con-

1420 4610 1718 4683 scientia
1770 4610 1964 4685 enim
2019 4610 2285 4685 dicitur
2335 4609 2541 4704 quasi
2577 4630 2749 4684 cum
2787 4609 2929 4683 alio
2964 4609 3284 4706 scientia,
3322 4632 3496 4686 cum
3546 4614 3769 4690 homo

1417 4735 1528 4804 est
1582 4729 1712 4803 sibi
1765 4730 2099 4805 conscius
2167 4750 2478 4803 suorum
2530 4730 2897 4804 bonorum
2954 4730 3076 4804 vel
3126 4731 3547 4828 malorum3
3608 4731 3770 4808 ideo

1416 4848 1634 4924 dicit:
1698 4871 1889 4923 come
1955 4854 2000 4923 ε’
2027 4844 2067 4924 ἐ
2117 4854 2365 4943 picciol
2422 4852 2601 4944 fallo
2669 4870 2927 4922 amaro
2995 4856 3293 4924 morso!
3354 4852 3530 4945 quia
3596 4852 3767 4927 illud

1548 5038 1601 5099 (¹)
1635 5036 1696 5087 E.
1729 5037 1944 5089 distabat
1978 5038 2086 5089 sire
2116 5038 2397 5089 destiterat.
2522 5036 2579 5100 (¹)
2614 5040 2722 5100 11⁷,
2756 5038 2939 5101 pungit
2968 5051 3081 5088 nos.
3208 5035 3263 5101 (⁸)
3292 5036 3357 5089 E.
3389 5050 3587 5089 morsu.

1549 5114 1602 5177 (⁸)
1633 5112 1686 5163 S.
1719 5118 1876 5164 cantu
1907 5114 2048 5166 illius
2077 5114 2461 5166 Catella—B.
2496 5114 2669 5165 cantui
2700 5113 2839 5165 illius
2868 5114 2950 5164 sui
2978 5112 3208 5166 Casellae.
