4392 6850
1537 941 1818 998 CAN-rus
1866 941 2152 1000 remus.
2973 933 3019 1001 ὃ

667 1091 852 1166 Dicit
899 1111 1082 1187 ergo
1131 1089 1410 1184 primo:
1447 1109 1568 1162 ma
1615 1091 1688 1162 la
1725 1091 1922 1180 poesi
1959 1096 2221 1178 morta,
2261 1089 2469 1183 idest,
2504 1089 2803 1168 scientia
2838 1109 3019 1186 poe-

669 1211 810 1288 tica
863 1217 1178 1285 mortua.
1245 1207 1512 1284 Dicunt
1569 1208 1796 1302 aliqui
1847 1207 2048 1303 quod
2107 1215 2327 1303 poeta
2377 1211 2517 1284 hoc
2584 1210 2779 1304 dicit,
2842 1209 3019 1305 quia

669 1331 1006 1408 tractavit
1053 1330 1146 1406 de
1197 1327 1546 1421 mortuis3
1597 1327 1721 1402 sed
1774 1328 2096 1424 intellige
2127 1349 2331 1424 sane,
2366 1315 2537 1424 quia
2590 1329 2827 1426 poesis
2869 1350 3019 1410 non

669 1456 904 1546 potest
953 1449 1168 1544 mori,
1219 1447 1346 1524 sed
1398 1454 1694 1522 mortua
1743 1447 1930 1524 idoet
1985 1449 2321 1543 neglecta
2370 1456 2445 1524 et
2494 1451 2791 1526 calcata
2822 1457 3019 1524 tem·-

669 1591 850 1667 pore
899 1590 1070 1664 suo;
1125 1569 1340 1644 hodie
1387 1587 1570 1642 vero
1619 1572 1856 1663 potest
1889 1565 2030 1642 dici
2065 1575 2359 1642 mortua
2394 1574 2470 1644 et
2508 1571 2817 1665 sepulta,
2852 1569 3017 1649 ideo

667 1691 882 1767 dicit:
935 1693 1234 1780 resur-90
1279 1691 1424 1780 qui,
1475 1687 1680 1782 idest,
1734 1686 2122 1762 reviviscat
2173 1689 2247 1764 in
2282 1689 2415 1762 ista
2452 1690 2758 1766 materia
2796 1709 3015 1784 nov-a,

670 1831 896 1907 quam
947 1829 1146 1883 nunc
1195 1807 1492 1884 intendo
1539 1806 1866 1902 aggredi.
1919 1807 2124 1882 Unde
2173 1807 2387 1882 dicit:
2442 1829 2487 1880 o
2544 1817 2743 1882 sante
2790 1815 3013 1901 Muse,

671 1953 840 2027 quae
907 1929 1180 2004 faciunt
1243 1927 1580 2002 homines
1643 1933 1936 2002 sanctos
1967 1919 2042 2018 (¹)
2115 1933 2188 2001 et
2254 1947 2505 2002 sacros
2552 1929 2765 2023 juxta
2835 1927 3017 2004 illud

671 2051 880 2126 Tullii
947 2051 1022 2126 in
1088 2049 1420 2126 oratione
1485 2069 1619 2144 pro
1685 2046 1912 2140 Lucio
1987 2047 2252 2122 Archia
2326 2055 2779 2143 praeceptore
2850 2069 3009 2126 suo.

667 2173 915 2260 Quare
963 2191 1101 2245 suo
1140 2171 1318 2266 jure
1365 2175 1616 2244 noster
1648 2168 1770 2244 ille
1803 2166 2080 2241 Ennius
2125 2173 2413 2242 sanctos
2462 2175 2713 2262 poetas
2764 2169 3015 2263 appel·
3138 2243 3143 2248 ,

667 2292 796 2386 lat,
827 2291 1026 2386 quod
1075 2290 1286 2386 quasi
1335 2291 1648 2364 deorum
1683 2288 1931 2382 aliquo
1979 2289 2172 2364 dono
2208 2295 2283 2362 et
2332 2309 2647 2364 munere
2680 2310 3017 2365 commo-

665 2409 814 2484 dati
867 2409 1074 2484 nobis
1121 2429 1286 2485 esse
1335 2409 1740 2484 videantur.
1803 2410 2060 2484 Nonne
2118 2408 2355 2503 poesis
2414 2408 2583 2484 fecit
2640 2408 3013 2486 hominem

667 2527 888 2612 istum
924 2527 1018 2603 de
1051 2535 1438 2624 peccatore
1469 2535 1805 2604 sanctum
1837 2532 1870 2602 t
1903 2531 2030 2622 pm·
2065 2531 2186 2602 che
2222 2537 2462 2604 vostro
2502 2549 2704 2619 sono,
2744 2530 3017 2606 scilicet

667 2655 903 2745 poeta,
956 2649 1160 2744 idest,
1212 2657 1600 2745 postquam
1650 2669 1816 2722 sum
1847 2639 1922 2740 (²)
1961 2648 2036 2724 in
2069 2654 2309 2723 totum
2346 2648 2627 2724 deditus
2662 2649 2917 2726 studiis
2938 2641 3015 2743 (³)

668 2771 949 2864 vestriS,
1001 2777 1078 2846 et
1133 2771 1432 2867 egregie
1499 2769 1788 2865 poetavi
1855 2770 2051 2846 circa
2115 2770 2499 2846 materiam
2570 2771 2853 2848 inferni.
2924 2772 3013 2848 Et

669 2891 1094 2967 nominatim
1151 2891 1442 2966 invocat
1489 2889 2165 2985 principalissimam
2212 2891 2613 2986 Musarum,
2668 2911 2837 2986 quae
2881 2913 3015 2966 vo-

669 3018 881 3086 catur
931 3011 1272 3106 Calliope,
1325 3015 1400 3085 et
1449 3017 1558 3086 est
1601 3011 1952 3104 eloquens
1993 3008 2519 3104 pronuntiati03
2569 3011 2763 3085 unde
2802 3011 3011 3088 dicit:

666 3152 706 3205 e
753 3135 872 3224 qm·
927 3134 1230 3223 Calliope
1275 3132 1610 3224 alquanto
1657 3151 1908 3228 suryn,
1949 3129 2154 3224 idest,
2189 3130 2585 3208 invalescat
2624 3138 2700 3206 et
2742 3133 3019 3211 exaltet·

668 3271 926 3326 vocem
979 3271 1212 3324 suam.
1265 3250 1375 3326 Ad
1425 3249 1624 3343 quod
1675 3255 1846 3324 nota
1881 3249 2080 3343 quod
2119 3256 2337 3344 poeta
2376 3257 2623 3325 noster
2671 3272 2851 3326 usus
2902 3260 3015 3330 est

668 3371 1084 3467 eloquentia
1147 3370 1221 3445 in
1288 3370 1526 3467 primo
1578 3369 1800 3464 libr03
1853 3391 2023 3445 nam
2077 3369 2481 3447 introduxit
2536 3373 3011 3467 Mercurium,

671 3492 798 3587 qui
839 3500 952 3568 est
1000 3492 1182 3567 dens
1215 3490 1678 3585 eloquentiae,
1713 3491 2164 3586 aperientem
2202 3492 2337 3567 sibi
2370 3498 2659 3589 portam
2702 3493 3012 3570 civitatis

670 3612 1040 3689 infernalis
1085 3634 1258 3688 cum
1311 3633 1462 3687 una
1513 3611 1746 3708 virga,
1789 3611 1988 3706 quod
2037 3612 2398 3689 subtiliter
2447 3612 2861 3708 expositum
2904 3620 3019 3689 est

669 3733 934 3809 Inferni
985 3734 1302 3829 capitulo
1353 3753 1570 3809 nono.
1622 3732 1754 3807 Hic
1803 3753 1986 3808 vero
2034 3732 2309 3829 indiget
2350 3733 2609 3809 maiori
2660 3735 3017 3829 eloquen-

672 3855 812 3948 tia3
862 3854 938 3927 in
1000 3854 1340 3949 paradiso
1397 3874 1579 3929 vero
1647 3859 1901 3929 utetur
1961 3853 2285 3931 maxima
2354 3854 2773 3948 eloquentia
2838 3876 3018 3934 cum

671 3973 990 4069 perfecta
1038 3972 1408 4071 sapientia.
1445 3974 1552 4049 Ad
1586 3972 2136 4069 intelligentiam
2172 3980 2427 4049 autem
2468 3975 2757 4069 plenam
2795 3976 3019 4053 huius

670 4093 1144 4169 invocationis
1193 4098 1268 4169 et
1316 4094 1630 4169 aliarum
1686 4092 2044 4199 factarum
2113 4103 2192 4169 et
2250 4093 2658 4169 fiendarnm
2720 4095 2793 4169 in
2862 4100 3019 4171 toto

671 4222 1012 4311 poemate
1060 4214 1308 4289 Dantis
1359 4221 1472 4288 est
1530 4214 1958 4309 notandum,
2021 4214 2217 4308 quod
2268 4234 2527 4291 omnes
2576 4223 2813 4310 poetae
2862 4222 3015 4291 tam

669 4333 892 4430 graeci
953 4352 1182 4427 quam
1245 4333 1446 4408 latini
1515 4332 1802 4430 fingunt
1869 4354 2134 4409 novem
2202 4335 2467 4429 Musas,
2532 4334 2625 4409 de
2689 4356 3014 4428 quarum

672 4474 989 4529 numero
1039 4460 1114 4528 et
1164 4454 1461 4529 nomine
1521 4474 1780 4529 omnes
1839 4454 2236 4529 convenire
2299 4454 2679 4550 videntur3
2738 4456 2864 4531 sed
2922 4455 3017 4533 de

670 4574 948 4669 ordine,
984 4575 1258 4649 virtute
1297 4582 1374 4649 et
1404 4562 1476 4667 (⁴)
1516 4575 1963 4670 proprietate
1996 4582 2108 4650 est
2140 4596 2411 4671 magna
2444 4575 2843 4653 diversitas.
2878 4568 3021 4653 Alii

670 4694 864 4773 enim
917 4696 1166 4771 dicunt
1215 4694 1416 4790 quod
1465 4702 1638 4769 sunt
1689 4716 1956 4771 novem
2007 4716 2265 4791 sperae,
2318 4696 2505 4771 sicut
2554 4688 3017 4791 Macrobius;

668 4814 792 4888 alii
842 4814 1040 4909 quod
1087 4822 1260 4889 sunt
1309 4836 1580 4891 novem
1629 4815 2116 4891 instrumenta
2167 4816 2561 4891 formative·
2620 4816 2821 4893 vocis
2872 4818 3017 4891 hu-

793 5002 852 5065 θ)
887 5008 996 5063 117,
1027 5010 1230 5055 sanctos
1252 5006 1401 5069 juxta
1431 5005 1580 5055 illud.
1797 5002 1851 5063 0)
1883 5002 1938 5055 S.
1969 5018 2085 5054 sum
2123 5010 2263 5055 lotus
2294 5005 2513 5056 deditus.

801 5079 856 5143 (⁸)
885 5080 949 5131 E.
983 5081 1176 5141 studiis,
1209 5086 1262 5132 et
1293 5082 1520 5147 egregio.
1799 5079 1852 5142 (⁸)
1885 5082 1948 5131 Ε.
1978 5086 2030 5131 et
2065 5082 2253 5145 pietate
2286 5086 2367 5133 est
2396 5081 2617 5133 maxima
2648 5080 2931 5133 diva-uitas.
