4392 6850
1202 893 1483 951 CAN-rus
1532 896 1849 951 nncmus
1898 896 2270 951 summus.
2769 885 2914 952 469

572 1058 797 1133 quam
850 1036 1341 1113 demeritoriae
1399 1039 1695 1133 quando
1752 1040 2240 1134 detorquetur
2295 1040 2390 1115 ad
2443 1040 2746 1136 malum,
2800 1040 2922 1117 vel

572 1158 805 1233 currit
850 1157 946 1233 ad
993 1157 1279 1233 bonum
1328 1178 1503 1234 cum
1549 1160 1811 1235 maiori
1847 1160 1964 1235 vel
1999 1159 2267 1235 minori
2298 1179 2482 1235 cura
2518 1182 2745 1256 quam
2779 1160 2922 1236 de-

572 1278 762 1354 beat.
788 1319 890 1333 —
922 1283 1029 1353 Or
1052 1276 1323 1373 perche.
1359 1280 1571 1355 Nunc
1604 1280 1947 1377 Virgilius
1986 1280 2292 1355 intendit
2323 1281 2712 1357 ostendere
2745 1300 2916 1376 quae

574 1398 745 1475 vitia
778 1399 1121 1478 oriuntur
1172 1420 1265 1475 ex
1314 1420 1576 1477 amore
1608 1401 1805 1495 mali,
1840 1400 2039 1496 quod
2073 1408 2322 1477 tamen
2367 1400 2656 1477 videtur
2689 1423 2919 1498 appa-

576 1540 744 1595 rens
776 1520 1080 1595 bonum.
1108 1522 1197 1595 Et
1228 1521 1467 1617 primo
1501 1521 1871 1617 praemittit
1906 1520 2105 1617 quod
2138 1520 2298 1597 talis
2331 1541 2544 1597 amor
2577 1528 2689 1597 est
2721 1544 2918 1599 sem-

576 1660 707 1735 per
752 1641 847 1715 ad
896 1641 1127 1716 alium
1162 1662 1311 1716 non
1358 1642 1453 1717 ad
1502 1662 1585 1717 se
1632 1642 1913 1737 ipsum3
1950 1640 2123 1735 quia
2164 1661 2379 1717 amor
2411 1662 2704 1738 semper
2737 1664 2919 1719 con-

574 1766 821 1835 servat
866 1760 1077 1835 illum
1128 1761 1203 1837 in
1254 1782 1404 1855 quo
1454 1768 1589 1857 est,
1624 1768 1699 1837 et
1750 1760 2260 1855 unusquisque
2307 1760 2669 1837 desiderat
2703 1784 2914 1837 suam

576 1883 913 1993 salutem.
966 1882 1150 1958 Dicit
1198 1903 1419 1980 ergo:
1480 1888 1587 1958 Or
1607 1876 1868 1977 perche?
1895 1904 2107 1957 amor
2138 1886 2287 1957 mai
2325 1904 2470 1957 non
2495 1877 2644 1976 ραὸ
2678 1888 2921 1976 volyer

424 2032 443 2053 ·
578 2007 751 2097 vise,
806 2003 981 2097 quia
1034 2002 1159 2078 uhi
1208 2024 1423 2079 amor
1473 2003 1571 2078 ibi
1620 2004 1904 2098 oculus,
1948 2006 2147 2078 dalla
2196 2007 2418 2077 salute
2465 2006 2582 2078 del
2625 2024 2752 2077 suo
2800 2023 2921 2111 suf

576 2126 797 2217 biano,
856 2124 1031 2219 quia
1060 2117 1133 2217 (¹)
1208 2142 1424 2199 amor
1480 2144 1893 2218 numquam
1951 2131 2191 2219 potest
2255 2124 2605 2200 recedere
2669 2124 2765 2198 ah
2828 2142 2922 2198 eo

498 2236 505 2243 ’
576 2245 787 2320 cuius
836 2251 947 2319 est
978 2263 1233 2337 amor3
1266 2248 1329 2318 le
1370 2264 1527 2318 cose
1555 2265 1689 2318 son
1726 2251 1885 2337 mle,
1920 2244 2123 2339 idest,
2158 2265 2444 2320 securae
2479 2251 2553 2321 et
2587 2250 2920 2338 remoue,

576 2367 743 2439 dall
766 2366 931 2438 odio
990 2365 1318 2457 proprio,
1368 2362 1662 2457 scilicet,
1714 2364 1829 2437 sui
1877 2364 2123 2460 ipsiuS,
2174 2364 2348 2459 quia
2413 2384 2634 2440 nemo
2682 2370 2922 2460 potest

576 2486 779 2562 odire
828 2506 909 2561 se
958 2485 1235 2581 ipsum3
1286 2483 1617 2561 similiter
1666 2505 1815 2559 non
1870 2490 2107 2580 potest
2164 2485 2329 2579 quis
2387 2485 2594 2561 odire
2652 2485 2914 2560 Deum.

579 2606 781 2681 Unde
827 2606 1033 2681 dicit:
1086 2626 1124 2679 c
1163 2600 1423 2698 pache*
1464 2608 1717 2679 alcano
1749 2626 1938 2679 esser
1968 2626 2115 2679 non
2150 2608 2218 2679 si
2249 2596 2392 2698 pud
2422 2609 2776 2679 intendere
2805 2607 2920 2680 di-

582 2730 729 2801 viso
778 2729 907 2801 dal
946 2728 1211 2819 primo,
1260 2724 1554 2819 scilicet,
1588 2726 1768 2820 Deo,
1816 2720 1910 2799 ne*
1942 2746 2083 2818 per
2127 2746 2206 2799 sc
2251 2732 2498 2817 stante,
2541 2726 2714 2820 quia
2763 2726 2922 2801 sine

580 2846 731 2922 Deo
781 2845 957 2920 nihil
1020 2865 1181 2921 esse
1246 2850 1503 2941 potest,
1554 2844 1741 2939 ideo,
1794 2847 1964 2937 oym‘
2020 2850 2256 2938 affecto
2313 2840 2356 2918 e*
2409 2848 2664 2937 deci-30,
2713 2844 2920 2940 idest,

578 2967 817 3043 omnis
866 2966 1153 3043 affectio
1204 2972 1315 3041 est
1364 2971 1723 3061 separata,
1758 2968 1857 3039 da
1890 2968 2103 3039 odiar
2150 2967 2404 3059 quelle,
2437 2965 2620 3041 idest
2679 2966 2917 3061 ipsum

579 3089 903 3185 primum
980 3106 1189 3181 esse3
1264 3085 1475 3180 quasi
1535 3084 1772 3161 dicat:
1826 3086 2001 3180 quia
2063 3086 2504 3181 impossihile
2537 3092 2670 3161 ‚est
2719 3086 2916 3180 quod

580 3208 850 3303 aliquid
900 3227 1064 3283 esse
1111 3216 1447 3283 creatum
1482 3205 1575 3280 sit
1612 3210 1689 3279 et
1722 3210 1863 3281 stet
1894 3224 2029 3300 per
2068 3226 2150 3280 se
2170 3196 2246 3297 (²)
2289 3205 2445 3279 sine
2483 3204 2638 3300 ipso
2676 3203 2922 3299 primo

578 3350 761 3425 esse,
810 3328 977 3403 ideo
1029 3346 1179 3401 non
1224 3325 1376 3401 odit
1426 3325 1687 3421 ipsum.
1740 3325 1831 3399 Et
1880 3344 1973 3399 ex
2024 3323 2135 3398 his
2192 3324 2413 3399 infert
2466 3324 2917 3420 propositum

578 3450 967 3542 intentum,
1016 3447 1313 3542 scilicet,
1348 3445 1547 3540 quod
1586 3445 1839 3520 odium
1874 3451 1987 3520 est
2028 3445 2324 3540 proprie
2353 3444 2449 3520 ad
2483 3444 2739 3538 alium,
2774 3463 2924 3518 non

578 3570 671 3646 ad
720 3589 803 3644 se
852 3567 968 3644 vel
1016 3567 1111 3642 ad
1160 3567 1421 3642 Deum.
1463 3565 1669 3640 Unde
1715 3565 1927 3640 dicit:
1975 3572 2194 3658 resta,
2238 3564 2447 3659 idest,
2483 3563 2925 3658 relinquitur

578 3709 797 3788 ergo:
847 3710 923 3762 se
972 3689 1101 3762 ben
1149 3690 1387 3762 estimo
1426 3689 1825 3778 dividendo,
1862 3707 1995 3782 per
2026 3687 2274 3761 locum
2309 3707 2356 3760 a
2389 3685 2781 3761 sufficienti
2813 3684 2926 3759 di·-

582 3810 881 3904 visione,
930 3811 1051 3883 che
1098 3809 1247 3882 mal
1292 3809 1411 3881 che
1458 3809 1517 3880 ε’
1542 3827 1736 3896 ama,
1771 3806 1910 3881 suh
1952 3805 2200 3882 colore
2253 3805 2444 3900 boni,
2482 3825 2777 3900 semper
2809 3803 2923 3878 in-

584 3931 885 4027 telliga5‚
920 3931 1052 4004 ode
1096 3931 1151 4002 il
1186 3930 1571 4021 pressimo,
1612 3926 1821 4020 idest,
1860 3925 2030 4001 odio
2070 3925 2329 4020 habet3
2365 3932 2440 4000 et
2473 3925 2620 4000 tale
2668 3923 2920 3998 odium

584 4057 933 4126 causatur
995 4049 1091 4123 ab
1154 4067 1413 4122 amore
1476 4065 1703 4140 quem
1764 4045 1983 4120 habet
2044 4045 2138 4120 ad
2196 4065 2280 4120 se
2339 4044 2602 4140 ipsum,
2662 4051 2730 4118 et
2771 4063 2926 4117 esso

587 4191 822 4262 amor,
872 4168 1166 4263 scilicet,
1218 4167 1415 4262 mali,
1464 4187 1675 4242 nasce
1720 4169 1795 4239 in
1845 4173 2086 4241 vostro
2134 4169 2326 4256 limo,
2369 4165 2576 4258 idest,
2595 4164 2683 4238 ‘in
2718 4163 2925 4239 vobis

588 4289 1027 4384 hominibus„
1069 4288 1242 4384 quia
1294 4287 1575 4382 primus
1624 4287 1847 4360 homo
1896 4285 2132 4361 factus
2181 4290 2293 4360 est
2341 4284 2434 4360 de
2485 4285 2660 4359 limo
2703 4290 2926 4359 terrae

584 4417 661 4487 et
708 4411 805 4486 ab
852 4411 1009 4507 ipso
1059 4407 1427 4485 contraxit
1475 4426 1775 4482 omnem
1824 4425 2161 4481 amorem
2213 4404 2408 4499 mali,
2454 4405 2628 4499 quia
2695 4403 2926 4514 voluit

584 4531 1087 4608 excellentiam
1140 4529 1303 4604 sui:
1356 4527 1651 4624 ponitur
1710 4533 1960 4603 tamen
2016 4525 2134 4600 hic
2195 4524 2504 4600 materia
2562 4543 2698 4620 pro
2763 4544 2929 4599 ma-

582 4653 893 4747 teriat03
945 4658 1020 4727 et
1068 4650 1277 4726 dicit:
1327 4653 1405 4724 in
1452 4655 1560 4722 tre
1622 4650 1839 4740 modi,
1896 4667 1989 4748 ex
2051 4647 2320 4740 quibus
2381 4645 2725 4719 oriuntur
2788 4644 2926 4720 tria

584 4774 821 4869 prima
873 4771 1187 4868 pessima
1238 4751 1667 4844 vitia—13⁷.
1720 4767 1849 4842 Hic
1906 4765 2250 4864 Virgilius
2309 4764 2540 4862 tangit
2597 4765 2924 4860 primum

712 5032 768 5096 (¹)
802 5034 910 5092 11⁷,
944 5031 1092 5092 idest.
1124 5031 1263 5096 quia.
1636 5025 1693 5092 (⁸)
1725 5028 1787 5079 E.
1822 5039 1915 5092 per
1944 5039 1999 5078 ne
2032 5027 2206 5091 ipmm
2237 5027 2347 5104 sine
2377 5027 2566 5090 primo.
