<?xml version="1.0" encoding="UTF-8"?>
<!DOCTYPE html PUBLIC "-//W3C//DTD XHTML 1.0 Transitional//EN"
    "http://www.w3.org/TR/xhtml1/DTD/xhtml1-transitional.dtd">
<html xmlns="http://www.w3.org/1999/xhtml" xml:lang="en" lang="en">
 <head>
  <title>
</title>
<meta http-equiv="Content-Type" content="text/html;charset=utf-8" />
  <meta name='ocr-system' content='tesseract 3.04.00' />
  <meta name='ocr-capabilities' content='ocr_page ocr_carea ocr_par ocr_line ocrx_word'/>
</head>
<body>
  <div class='ocr_page' id='page_1' title='image "./comentumsuperda02unkngoog_0125.png"; bbox 0 0 4392 6850; ppageno 0'>
   <div class='ocr_carea' id='block_1_1' title="bbox 2804 993 2941 1065">
    <p class='ocr_par' dir='ltr' id='par_1_1' title="bbox 2804 993 2941 1065">
     <span class='ocr_line' id='line_1_1' title="bbox 2804 993 2941 1065; baseline 0 0"><span class='ocrx_word' id='word_1_1' title='bbox 2804 993 2941 1065; x_wconf 78' lang='lat'><strong>113</strong></span> 
     </span>
    </p>
   </div>
   <div class='ocr_carea' id='block_1_2' title="bbox 590 1379 2945 1916">
    <p class='ocr_par' dir='ltr' id='par_1_2' title="bbox 590 1379 2945 1916">
     <span class='ocr_line' id='line_1_2' title="bbox 590 1379 2945 1475; baseline 0.004 -27"><span class='ocrx_word' id='word_1_2' title='bbox 590 1379 926 1452; x_wconf 80' lang='lat' dir='ltr'>GANTUS</span> <span class='ocrx_word' id='word_1_3' title='bbox 971 1383 1394 1466; x_wconf 83' lang='lat' dir='ltr'><strong>QUARTUS,</strong></span> <span class='ocrx_word' id='word_1_4' title='bbox 1441 1386 1514 1452; x_wconf 76' lang='lat' dir='ltr'><strong>in</strong></span> <span class='ocrx_word' id='word_1_5' title='bbox 1557 1405 1678 1470; x_wconf 70' lang='lat' dir='ltr'><strong>quo</strong></span> <span class='ocrx_word' id='word_1_6' title='bbox 1721 1391 1960 1454; x_wconf 75' lang='lat' dir='ltr'><strong>tractat</strong></span> <span class='ocrx_word' id='word_1_7' title='bbox 1984 1390 2148 1454; x_wconf 75' lang='lat' dir='ltr'><strong>sicut</strong></span> <span class='ocrx_word' id='word_1_8' title='bbox 2173 1395 2423 1456; x_wconf 77' lang='lat' dir='ltr'><strong>secutus</strong></span> <span class='ocrx_word' id='word_1_9' title='bbox 2464 1396 2560 1456; x_wconf 74' lang='lat' dir='ltr'><strong>est</strong></span> <span class='ocrx_word' id='word_1_10' title='bbox 2600 1390 2945 1475; x_wconf 64' lang='lat' dir='ltr'><strong>Virfft&#39;m</strong></span> 
     </span>
     <span class='ocr_line' id='line_1_3' title="bbox 747 1497 2943 1586; baseline 0.002 -23"><span class='ocrx_word' id='word_1_11' title='bbox 747 1515 942 1578; x_wconf 70' lang='lat' dir='ltr'><strong>super</strong></span> <span class='ocrx_word' id='word_1_12' title='bbox 980 1503 1248 1564; x_wconf 66' lang='lat' dir='ltr'><strong>moment</strong></span> <span class='ocrx_word' id='word_1_13' title='bbox 1293 1497 1720 1564; x_wconf 72' lang='lat' dir='ltr'><strong>declarantem</strong></span> <span class='ocrx_word' id='word_1_14' title='bbox 1759 1499 1886 1564; x_wconf 74' lang='lat' dir='ltr'><strong>sibi</strong></span> <span class='ocrx_word' id='word_1_15' title='bbox 1919 1499 2056 1565; x_wconf 76' lang='lat' dir='ltr'><strong>alia</strong></span> <span class='ocrx_word' id='word_1_16' title='bbox 2097 1499 2174 1566; x_wconf 84' lang='lat' dir='ltr'><strong>de</strong></span> <span class='ocrx_word' id='word_1_17' title='bbox 2195 1501 2504 1582; x_wconf 76' lang='lat' dir='ltr'><strong>planetis3</strong></span> <span class='ocrx_word' id='word_1_18' title='bbox 2551 1507 2611 1568; x_wconf 76' lang='lat' dir='ltr'><strong>et</strong></span> <span class='ocrx_word' id='word_1_19' title='bbox 2652 1503 2943 1586; x_wconf 72' lang='lat' dir='ltr'><strong>sequitur</strong></span> 
     </span>
     <span class='ocr_line' id='line_1_4' title="bbox 747 1608 2931 1696; baseline 0.003 -22"><span class='ocrx_word' id='word_1_20' title='bbox 747 1608 910 1674; x_wconf 63' lang='lat' dir='ltr'><em>⁸602ae</em></span> <span class='ocrx_word' id='word_1_21' title='bbox 933 1609 1310 1676; x_wconf 75' lang='lat' dir='ltr'><strong>invenerunt</strong></span> <span class='ocrx_word' id='word_1_22' title='bbox 1336 1611 1608 1692; x_wconf 76' lang='lat' dir='ltr'><strong>spiritus</strong></span> <span class='ocrx_word' id='word_1_23' title='bbox 1637 1610 1894 1676; x_wconf 73' lang='lat' dir='ltr'><strong>illorum</strong></span> <span class='ocrx_word' id='word_1_24' title='bbox 1937 1612 2048 1694; x_wconf 74' lang='lat' dir='ltr'><strong>qui</strong></span> <span class='ocrx_word' id='word_1_25' title='bbox 2088 1611 2474 1695; x_wconf 73' lang='lat' dir='ltr'><strong>neqliqentes</strong></span> <span class='ocrx_word' id='word_1_26' title='bbox 2504 1613 2781 1696; x_wconf 75' lang='lat' dir='ltr'><strong>fuerunt,</strong></span> <span class='ocrx_word' id='word_1_27' title='bbox 2812 1614 2931 1680; x_wconf 64' lang='lat' dir='ltr'><strong>aab</strong></span> 
     </span>
     <span class='ocr_line' id='line_1_5' title="bbox 745 1719 2935 1808; baseline 0.004 -24"><span class='ocrx_word' id='word_1_28' title='bbox 745 1719 926 1785; x_wconf 74' lang='lat' dir='ltr'><strong>titulo</strong></span> <span class='ocrx_word' id='word_1_29' title='bbox 969 1721 1332 1806; x_wconf 77' lang='lat' dir='ltr'><strong>Belacquoe,</strong></span> <span class='ocrx_word' id='word_1_30' title='bbox 1378 1721 1696 1806; x_wconf 69' lang='lat' dir='ltr'><strong>loquentes</strong></span> <span class='ocrx_word' id='word_1_31' title='bbox 1740 1721 1951 1788; x_wconf 75' lang='lat' dir='ltr'><strong>Danti</strong></span> <span class='ocrx_word' id='word_1_32' title='bbox 1993 1728 2054 1788; x_wconf 80' lang='lat' dir='ltr'><strong>et</strong></span> <span class='ocrx_word' id='word_1_33' title='bbox 2104 1723 2498 1791; x_wconf 69' lang='lat' dir='ltr'><strong>declarante-s·</strong></span> <span class='ocrx_word' id='word_1_34' title='bbox 2542 1726 2603 1790; x_wconf 75' lang='lat' dir='ltr'><strong>ei</strong></span> <span class='ocrx_word' id='word_1_35' title='bbox 2644 1727 2935 1808; x_wconf 64' lang='lat' dir='ltr'><strong>queastio-</strong></span> 
     </span>
     <span class='ocr_line' id='line_1_6' title="bbox 745 1833 1648 1916; baseline 0.004 -20"><span class='ocrx_word' id='word_1_36' title='bbox 745 1851 886 1896; x_wconf 77' lang='lat' dir='ltr'><strong>nem</strong></span> <span class='ocrx_word' id='word_1_37' title='bbox 926 1833 1343 1898; x_wconf 76' lang='lat' dir='ltr'><strong>restaurandi</strong></span> <span class='ocrx_word' id='word_1_38' title='bbox 1383 1837 1648 1916; x_wconf 72' lang='lat' dir='ltr'><strong>tempus.</strong></span> 
     </span>
    </p>
   </div>
   <div class='ocr_carea' id='block_1_3' title="bbox 570 2133 2931 4979">
    <p class='ocr_par' dir='ltr' id='par_1_3' title="bbox 570 2133 2931 4979">
     <span class='ocr_line' id='line_1_7' title="bbox 753 2133 2931 2344; baseline 0.005 -45"><span class='ocrx_word' id='word_1_39' title='bbox 753 2133 1010 2344; x_wconf 60' lang='lat' dir='ltr'><strong>Qua</strong></span> <span class='ocrx_word' id='word_1_40' title='bbox 1021 2251 1176 2302; x_wconf 81' lang='grc' dir='ltr'><strong>Νυο</strong></span> <span class='ocrx_word' id='word_1_41' title='bbox 1209 2253 1348 2324; x_wconf 77' lang='lat' dir='ltr'><strong>per</strong></span> <span class='ocrx_word' id='word_1_42' title='bbox 1396 2235 1761 2307; x_wconf 81' lang='lat' dir='ltr'><strong>dilectanze</strong></span> <span class='ocrx_word' id='word_1_43' title='bbox 1809 2253 2026 2306; x_wconf 73' lang='lat' dir='ltr'><strong>ovver</strong></span> <span class='ocrx_word' id='word_1_44' title='bbox 2056 2254 2194 2326; x_wconf 82' lang='lat' dir='ltr'><strong>per</strong></span> <span class='ocrx_word' id='word_1_45' title='bbox 2244 2236 2489 2325; x_wconf 73' lang='lat' dir='ltr'><strong>doylie.</strong></span> <span class='ocrx_word' id='word_1_46' title='bbox 2534 2235 2931 2329; x_wconf 84' lang='lat' dir='ltr'><strong>Postquam</strong></span> 
     </span>
     <span class='ocr_line' id='line_1_8' title="bbox 585 2347 2931 2449; baseline 0.003 -28"><span class='ocrx_word' id='word_1_47' title='bbox 585 2347 660 2421; x_wconf 88' lang='lat' dir='ltr'><strong>in</strong></span> <span class='ocrx_word' id='word_1_48' title='bbox 693 2349 1054 2444; x_wconf 81' lang='lat' dir='ltr'><strong>superiori</strong></span> <span class='ocrx_word' id='word_1_49' title='bbox 1079 2351 1398 2446; x_wconf 87' lang='lat' dir='ltr'><strong>capitulo</strong></span> <span class='ocrx_word' id='word_1_50' title='bbox 1425 2352 1762 2446; x_wconf 83' lang='lat' dir='ltr'><strong>proxime</strong></span> <span class='ocrx_word' id='word_1_51' title='bbox 1789 2353 2223 2449; x_wconf 80' lang='lat' dir='ltr'><strong>praecedenti</strong></span> <span class='ocrx_word' id='word_1_52' title='bbox 2252 2360 2465 2448; x_wconf 88' lang='lat' dir='ltr'><strong>poeta</strong></span> <span class='ocrx_word' id='word_1_53' title='bbox 2495 2363 2741 2430; x_wconf 88' lang='lat' dir='ltr'><strong>noster</strong></span> <span class='ocrx_word' id='word_1_54' title='bbox 2779 2362 2931 2429; x_wconf 83' lang='lat' dir='ltr'><strong>tra-</strong></span> 
     </span>
     <span class='ocr_line' id='line_1_9' title="bbox 584 2467 2927 2571; baseline 0.002 -27"><span class='ocrx_word' id='word_1_55' title='bbox 584 2469 806 2544; x_wconf 85' lang='lat' dir='ltr'><strong>ctavit</strong></span> <span class='ocrx_word' id='word_1_56' title='bbox 831 2467 906 2562; x_wconf 85' lang='lat'><strong>(¹)</strong></span> <span class='ocrx_word' id='word_1_57' title='bbox 953 2477 1030 2546; x_wconf 91' lang='lat' dir='ltr'><strong>et</strong></span> <span class='ocrx_word' id='word_1_58' title='bbox 1067 2471 1584 2548; x_wconf 82' lang='lat' dir='ltr'><strong>determinavit</strong></span> <span class='ocrx_word' id='word_1_59' title='bbox 1614 2473 1709 2548; x_wconf 92' lang='lat' dir='ltr'><strong>de</strong></span> <span class='ocrx_word' id='word_1_60' title='bbox 1740 2473 2058 2548; x_wconf 88' lang='lat' dir='ltr'><strong>secunda</strong></span> <span class='ocrx_word' id='word_1_61' title='bbox 2093 2473 2336 2568; x_wconf 88' lang='lat' dir='ltr'><strong>speeie</strong></span> <span class='ocrx_word' id='word_1_62' title='bbox 2376 2473 2927 2571; x_wconf 80' lang='lat' dir='ltr'><strong>negligentium,</strong></span> 
     </span>
     <span class='ocr_line' id='line_1_10' title="bbox 583 2588 2931 2691; baseline 0.003 -29"><span class='ocrx_word' id='word_1_63' title='bbox 583 2588 710 2683; x_wconf 89' lang='lat' dir='ltr'><strong>qui</strong></span> <span class='ocrx_word' id='word_1_64' title='bbox 773 2588 1215 2668; x_wconf 85' lang='lat' dir='ltr'><strong>distuierunt</strong></span> <span class='ocrx_word' id='word_1_65' title='bbox 1275 2593 1778 2688; x_wconf 88' lang='lat' dir='ltr'><strong>poenitentiam</strong></span> <span class='ocrx_word' id='word_1_66' title='bbox 1841 2593 1932 2669; x_wconf 87' lang='lat' dir='ltr'><strong>ad</strong></span> <span class='ocrx_word' id='word_1_67' title='bbox 1995 2594 2340 2667; x_wconf 90' lang='lat' dir='ltr'><strong>ultimum</strong></span> <span class='ocrx_word' id='word_1_68' title='bbox 2404 2595 2571 2668; x_wconf 86' lang='lat' dir='ltr'><strong>vitae</strong></span> <span class='ocrx_word' id='word_1_69' title='bbox 2634 2603 2931 2691; x_wconf 89' lang='lat' dir='ltr'><strong>propter</strong></span> 
     </span>
     <span class='ocr_line' id='line_1_11' title="bbox 588 2712 2921 2811; baseline 0.003 -27"><span class='ocrx_word' id='word_1_70' title='bbox 588 2712 1465 2808; x_wconf 83' lang='lat' dir='ltr'><strong>excommunicationem3</strong></span> <span class='ocrx_word' id='word_1_71' title='bbox 1517 2735 1715 2788; x_wconf 90' lang='lat' dir='ltr'><strong>nunc</strong></span> <span class='ocrx_word' id='word_1_72' title='bbox 1755 2722 2293 2809; x_wconf 87' lang='lat' dir='ltr'><strong>consequenter</strong></span> <span class='ocrx_word' id='word_1_73' title='bbox 2326 2715 2399 2789; x_wconf 93' lang='lat' dir='ltr'><strong>in</strong></span> <span class='ocrx_word' id='word_1_74' title='bbox 2432 2716 2570 2790; x_wconf 92' lang='lat' dir='ltr'><strong>isto</strong></span> <span class='ocrx_word' id='word_1_75' title='bbox 2603 2716 2921 2811; x_wconf 85' lang='lat' dir='ltr'><strong>capitulo</strong></span> 
     </span>
     <span class='ocr_line' id='line_1_12' title="bbox 585 2833 2925 2933; baseline 0.002 -28"><span class='ocrx_word' id='word_1_76' title='bbox 585 2837 852 2924; x_wconf 87' lang='lat' dir='ltr'><strong>quarto</strong></span> <span class='ocrx_word' id='word_1_77' title='bbox 901 2833 1054 2930; x_wconf 85' lang='lat' dir='ltr'><strong>agit</strong></span> <span class='ocrx_word' id='word_1_78' title='bbox 1087 2841 1164 2908; x_wconf 88' lang='lat' dir='ltr'><strong>et</strong></span> <span class='ocrx_word' id='word_1_79' title='bbox 1197 2839 1460 2908; x_wconf 84' lang='lat' dir='ltr'><strong>tractat</strong></span> <span class='ocrx_word' id='word_1_80' title='bbox 1507 2835 1601 2909; x_wconf 93' lang='lat' dir='ltr'><strong>de</strong></span> <span class='ocrx_word' id='word_1_81' title='bbox 1651 2835 1864 2910; x_wconf 88' lang='lat' dir='ltr'><strong>tertia</strong></span> <span class='ocrx_word' id='word_1_82' title='bbox 1915 2835 2156 2930; x_wconf 89' lang='lat' dir='ltr'><strong>specie</strong></span> <span class='ocrx_word' id='word_1_83' title='bbox 2204 2835 2753 2933; x_wconf 79' lang='lat' dir='ltr'><strong>negligentium,</strong></span> <span class='ocrx_word' id='word_1_84' title='bbox 2796 2835 2925 2930; x_wconf 85' lang='lat' dir='ltr'><strong>qui</strong></span> 
     </span>
     <span class='ocr_line' id='line_1_13' title="bbox 583 2953 2929 3052; baseline 0.002 -26"><span class='ocrx_word' id='word_1_85' title='bbox 583 2960 1058 3028; x_wconf 67' lang='lat' dir='ltr'><strong>cessaverunt</strong></span> <span class='ocrx_word' id='word_1_86' title='bbox 1109 2953 1354 3028; x_wconf 79' lang='lat' dir='ltr'><strong>facere</strong></span> <span class='ocrx_word' id='word_1_87' title='bbox 1402 2974 1628 3050; x_wconf 86' lang='lat' dir='ltr'><strong>opera</strong></span> <span class='ocrx_word' id='word_1_88' title='bbox 1665 2955 2041 3031; x_wconf 85' lang='lat' dir='ltr'><strong>meritoria</strong></span> <span class='ocrx_word' id='word_1_89' title='bbox 2085 2977 2323 3050; x_wconf 88' lang='lat' dir='ltr'><strong>usque</strong></span> <span class='ocrx_word' id='word_1_90' title='bbox 2372 2956 2445 3030; x_wconf 90' lang='lat' dir='ltr'><strong>in</strong></span> <span class='ocrx_word' id='word_1_91' title='bbox 2498 2956 2717 3032; x_wconf 82' lang='lat' dir='ltr'><strong>tinem</strong></span> <span class='ocrx_word' id='word_1_92' title='bbox 2756 2977 2929 3052; x_wconf 88' lang='lat' dir='ltr'><strong>pro-</strong></span> 
     </span>
     <span class='ocr_line' id='line_1_14' title="bbox 582 3073 2921 3173; baseline 0.001 -25"><span class='ocrx_word' id='word_1_93' title='bbox 582 3078 745 3168; x_wconf 88' lang='lat' dir='ltr'><strong>pter</strong></span> <span class='ocrx_word' id='word_1_94' title='bbox 795 3075 1026 3149; x_wconf 85' lang='lat' dir='ltr'><strong>solam</strong></span> <span class='ocrx_word' id='word_1_95' title='bbox 1070 3073 1434 3170; x_wconf 83' lang='lat' dir='ltr'><strong>pigritiam</strong></span> <span class='ocrx_word' id='word_1_96' title='bbox 1489 3080 1564 3150; x_wconf 88' lang='lat' dir='ltr'><strong>et</strong></span> <span class='ocrx_word' id='word_1_97' title='bbox 1615 3076 2005 3172; x_wconf 85' lang='lat' dir='ltr'><strong>ignaviam.</strong></span> <span class='ocrx_word' id='word_1_98' title='bbox 2043 3077 2131 3151; x_wconf 90' lang='lat' dir='ltr'><strong>Et</strong></span> <span class='ocrx_word' id='word_1_99' title='bbox 2163 3097 2485 3172; x_wconf 85' lang='lat' dir='ltr'><strong>praesens</strong></span> <span class='ocrx_word' id='word_1_100' title='bbox 2520 3078 2921 3173; x_wconf 88' lang='lat' dir='ltr'><strong>capitulum</strong></span> 
     </span>
     <span class='ocr_line' id='line_1_15' title="bbox 583 3185 2925 3294; baseline 0.001 -26"><span class='ocrx_word' id='word_1_101' title='bbox 583 3192 870 3268; x_wconf 79' lang='lat' dir='ltr'><strong>videtur</strong></span> <span class='ocrx_word' id='word_1_102' title='bbox 896 3185 972 3286; x_wconf 80' lang='lat'><strong>(²)</strong></span> <span class='ocrx_word' id='word_1_103' title='bbox 1027 3215 1162 3289; x_wconf 91' lang='lat' dir='ltr'><strong>per</strong></span> <span class='ocrx_word' id='word_1_104' title='bbox 1211 3215 1292 3268; x_wconf 93' lang='lat' dir='ltr'><strong>se</strong></span> <span class='ocrx_word' id='word_1_105' title='bbox 1339 3194 1756 3269; x_wconf 89' lang='lat' dir='ltr'><strong>distinctum</strong></span> <span class='ocrx_word' id='word_1_106' title='bbox 1811 3196 1880 3270; x_wconf 92' lang='lat' dir='ltr'><strong>in</strong></span> <span class='ocrx_word' id='word_1_107' title='bbox 1934 3203 2084 3272; x_wconf 72' lang='lat' dir='ltr'><strong>troe</strong></span> <span class='ocrx_word' id='word_1_108' title='bbox 2121 3204 2367 3292; x_wconf 85' lang='lat' dir='ltr'><strong>partes</strong></span> <span class='ocrx_word' id='word_1_109' title='bbox 2398 3197 2814 3294; x_wconf 63' lang='lat' dir='ltr'><strong>generale-33</strong></span> <span class='ocrx_word' id='word_1_110' title='bbox 2848 3195 2925 3270; x_wconf 86' lang='lat' dir='ltr'><strong>in</strong></span> 
     </span>
     <span class='ocr_line' id='line_1_16' title="bbox 578 3315 2927 3414; baseline 0.002 -26"><span class='ocrx_word' id='word_1_111' title='bbox 578 3315 816 3410; x_wconf 84' lang='lat' dir='ltr'><strong>prima</strong></span> <span class='ocrx_word' id='word_1_112' title='bbox 869 3337 1189 3410; x_wconf 86' lang='lat' dir='ltr'><strong>quarum</strong></span> <span class='ocrx_word' id='word_1_113' title='bbox 1241 3325 1455 3410; x_wconf 89' lang='lat' dir='ltr'><strong>poeta</strong></span> <span class='ocrx_word' id='word_1_114' title='bbox 1507 3317 1942 3391; x_wconf 89' lang='lat' dir='ltr'><strong>continuans</strong></span> <span class='ocrx_word' id='word_1_115' title='bbox 1992 3337 2072 3393; x_wconf 89' lang='lat' dir='ltr'><strong>se</strong></span> <span class='ocrx_word' id='word_1_116' title='bbox 2121 3318 2215 3393; x_wconf 86' lang='lat' dir='ltr'><strong>ad</strong></span> <span class='ocrx_word' id='word_1_117' title='bbox 2268 3319 2752 3414; x_wconf 85' lang='lat' dir='ltr'><strong>praecedentia</strong></span> <span class='ocrx_word' id='word_1_118' title='bbox 2794 3317 2927 3392; x_wconf 86' lang='lat' dir='ltr'><strong>de-</strong></span> 
     </span>
     <span class='ocr_line' id='line_1_17' title="bbox 579 3434 2925 3535; baseline 0 -25"><span class='ocrx_word' id='word_1_119' title='bbox 579 3434 826 3510; x_wconf 81' lang='lat' dir='ltr'><strong>scribit</strong></span> <span class='ocrx_word' id='word_1_120' title='bbox 873 3456 1088 3511; x_wconf 87' lang='lat' dir='ltr'><strong>suam</strong></span> <span class='ocrx_word' id='word_1_121' title='bbox 1147 3435 1682 3532; x_wconf 82' lang='lat' dir='ltr'><strong>dispositionem</strong></span> <span class='ocrx_word' id='word_1_122' title='bbox 1747 3444 1822 3513; x_wconf 88' lang='lat' dir='ltr'><strong>et</strong></span> <span class='ocrx_word' id='word_1_123' title='bbox 1887 3438 2081 3513; x_wconf 84' lang='lat' dir='ltr'><strong>viam</strong></span> <span class='ocrx_word' id='word_1_124' title='bbox 2145 3459 2278 3535; x_wconf 92' lang='lat' dir='ltr'><strong>per</strong></span> <span class='ocrx_word' id='word_1_125' title='bbox 2344 3460 2570 3534; x_wconf 86' lang='lat' dir='ltr'><strong>quam</strong></span> <span class='ocrx_word' id='word_1_126' title='bbox 2632 3438 2925 3512; x_wconf 81' lang='lat' dir='ltr'><strong>intravit</strong></span> 
     </span>
     <span class='ocr_line' id='line_1_18' title="bbox 577 3554 2919 3653; baseline 0.002 -25"><span class='ocrx_word' id='word_1_127' title='bbox 577 3554 654 3629; x_wconf 87' lang='lat' dir='ltr'><strong>in</strong></span> <span class='ocrx_word' id='word_1_128' title='bbox 704 3562 1057 3631; x_wconf 89' lang='lat' dir='ltr'><strong>montem.</strong></span> <span class='ocrx_word' id='word_1_129' title='bbox 1094 3556 1174 3629; x_wconf 86' lang='lat' dir='ltr'><strong>ln</strong></span> <span class='ocrx_word' id='word_1_130' title='bbox 1209 3557 1529 3631; x_wconf 88' lang='lat' dir='ltr'><strong>secunda</strong></span> <span class='ocrx_word' id='word_1_131' title='bbox 1563 3556 1906 3632; x_wconf 85' lang='lat' dir='ltr'><strong>describit</strong></span> <span class='ocrx_word' id='word_1_132' title='bbox 1938 3557 2477 3653; x_wconf 89' lang='lat' dir='ltr'><strong>dispositionem</strong></span> <span class='ocrx_word' id='word_1_133' title='bbox 2514 3558 2680 3635; x_wconf 89' lang='lat' dir='ltr'><strong>coeli</strong></span> <span class='ocrx_word' id='word_1_134' title='bbox 2730 3558 2919 3633; x_wconf 78' lang='lat' dir='ltr'><strong>iilius</strong></span> 
     </span>
     <span class='ocr_line' id='line_1_19' title="bbox 579 3676 2918 3773; baseline 0.001 -23"><span class='ocrx_word' id='word_1_135' title='bbox 579 3676 996 3772; x_wconf 85' lang='lat' dir='ltr'><strong>hemisperii</strong></span> <span class='ocrx_word' id='word_1_136' title='bbox 1047 3676 1432 3773; x_wconf 82' lang='lat' dir='ltr'><strong>inferioris,</strong></span> <span class='ocrx_word' id='word_1_137' title='bbox 1483 3677 1619 3751; x_wconf 90' lang='lat' dir='ltr'><strong>ibi:</strong></span> <span class='ocrx_word' id='word_1_138' title='bbox 1674 3685 1732 3752; x_wconf 80' lang='lat' dir='ltr'><strong><em>A</em></strong></span> <span class='ocrx_word' id='word_1_139' title='bbox 1784 3682 1986 3753; x_wconf 82' lang='lat' dir='ltr'><strong>seder</strong></span> <span class='ocrx_word' id='word_1_140' title='bbox 2036 3684 2103 3753; x_wconf 78' lang='lat' dir='ltr'><strong>ci</strong></span> <span class='ocrx_word' id='word_1_141' title='bbox 2142 3702 2535 3773; x_wconf 81' lang='lat' dir='ltr'><strong>ponemmo.</strong></span> <span class='ocrx_word' id='word_1_142' title='bbox 2574 3681 2655 3754; x_wconf 93' lang='lat' dir='ltr'><strong>In</strong></span> <span class='ocrx_word' id='word_1_143' title='bbox 2704 3678 2918 3756; x_wconf 90' lang='lat' dir='ltr'><strong>tertia</strong></span> 
     </span>
     <span class='ocr_line' id='line_1_20' title="bbox 575 3798 2919 3898; baseline 0 -25"><span class='ocrx_word' id='word_1_144' title='bbox 575 3804 650 3873; x_wconf 83' lang='lat' dir='ltr'><strong>et</strong></span> <span class='ocrx_word' id='word_1_145' title='bbox 699 3798 955 3875; x_wconf 91' lang='lat' dir='ltr'><strong>ultima</strong></span> <span class='ocrx_word' id='word_1_146' title='bbox 1005 3798 1350 3873; x_wconf 85' lang='lat' dir='ltr'><strong>describit</strong></span> <span class='ocrx_word' id='word_1_147' title='bbox 1397 3805 1672 3873; x_wconf 88' lang='lat' dir='ltr'><strong>sectam</strong></span> <span class='ocrx_word' id='word_1_148' title='bbox 1725 3799 2034 3874; x_wconf 90' lang='lat' dir='ltr'><strong>istorum</strong></span> <span class='ocrx_word' id='word_1_149' title='bbox 2099 3800 2507 3898; x_wconf 83' lang='lat' dir='ltr'><strong>pigrorum,</strong></span> <span class='ocrx_word' id='word_1_150' title='bbox 2558 3809 2635 3877; x_wconf 87' lang='lat' dir='ltr'><strong>et</strong></span> <span class='ocrx_word' id='word_1_151' title='bbox 2684 3822 2919 3875; x_wconf 89' lang='lat' dir='ltr'><strong>unum</strong></span> 
     </span>
     <span class='ocr_line' id='line_1_21' title="bbox 575 3917 2916 4014; baseline 0 -21"><span class='ocrx_word' id='word_1_152' title='bbox 575 3917 874 3994; x_wconf 89' lang='lat' dir='ltr'><strong>illorum</strong></span> <span class='ocrx_word' id='word_1_153' title='bbox 913 3920 988 3992; x_wconf 91' lang='lat' dir='ltr'><strong>in</strong></span> <span class='ocrx_word' id='word_1_154' title='bbox 1022 3918 1335 4014; x_wconf 85' lang='lat' dir='ltr'><strong>speciali,</strong></span> <span class='ocrx_word' id='word_1_155' title='bbox 1379 3918 1504 4013; x_wconf 91' lang='lat' dir='ltr'><strong>qui</strong></span> <span class='ocrx_word' id='word_1_156' title='bbox 1544 3919 1895 3995; x_wconf 91' lang='lat' dir='ltr'><strong>moderne</strong></span> <span class='ocrx_word' id='word_1_157' title='bbox 1936 3919 2176 3997; x_wconf 81' lang='lat' dir='ltr'><strong>fuerat</strong></span> <span class='ocrx_word' id='word_1_158' title='bbox 2210 3920 2342 3995; x_wconf 92' lang='lat' dir='ltr'><strong>sibi</strong></span> <span class='ocrx_word' id='word_1_159' title='bbox 2380 3928 2598 3995; x_wconf 88' lang='lat' dir='ltr'><strong>notus</strong></span> <span class='ocrx_word' id='word_1_160' title='bbox 2634 3922 2707 3995; x_wconf 90' lang='lat' dir='ltr'><strong>in</strong></span> <span class='ocrx_word' id='word_1_161' title='bbox 2744 3920 2916 4014; x_wconf 88' lang='lat' dir='ltr'><strong>vita,</strong></span> 
     </span>
     <span class='ocr_line' id='line_1_22' title="bbox 576 4038 2919 4136; baseline 0 -25"><span class='ocrx_word' id='word_1_162' title='bbox 576 4038 712 4114; x_wconf 83' lang='lat' dir='ltr'><strong>ibi:</strong></span> <span class='ocrx_word' id='word_1_163' title='bbox 748 4044 875 4114; x_wconf 81' lang='grc' dir='ltr'><strong>Μα</strong></span> <span class='ocrx_word' id='word_1_164' title='bbox 903 4061 980 4112; x_wconf 82' lang='lat' dir='ltr'><strong>se</strong></span> <span class='ocrx_word' id='word_1_165' title='bbox 1011 4060 1060 4111; x_wconf 86' lang='lat' dir='ltr'><strong>a</strong></span> <span class='ocrx_word' id='word_1_166' title='bbox 1095 4048 1156 4113; x_wconf 79' lang='lat' dir='ltr'><strong>te</strong></span> <span class='ocrx_word' id='word_1_167' title='bbox 1180 4042 1401 4132; x_wconf 80' lang='lat' dir='ltr'><strong>piace.</strong></span> <span class='ocrx_word' id='word_1_168' title='bbox 1440 4038 1548 4114; x_wconf 87' lang='lat' dir='ltr'><strong>Ad</strong></span> <span class='ocrx_word' id='word_1_169' title='bbox 1581 4040 1902 4135; x_wconf 87' lang='lat' dir='ltr'><strong>primum</strong></span> <span class='ocrx_word' id='word_1_170' title='bbox 1950 4040 2114 4115; x_wconf 88' lang='lat' dir='ltr'><strong>dico</strong></span> <span class='ocrx_word' id='word_1_171' title='bbox 2149 4039 2347 4135; x_wconf 87' lang='lat' dir='ltr'><strong>quod</strong></span> <span class='ocrx_word' id='word_1_172' title='bbox 2389 4046 2605 4136; x_wconf 88' lang='lat' dir='ltr'><strong>poeta</strong></span> <span class='ocrx_word' id='word_1_173' title='bbox 2642 4039 2919 4114; x_wconf 62' lang='lat' dir='ltr'><strong>descri-</strong></span> 
     </span>
     <span class='ocr_line' id='line_1_23' title="bbox 575 4159 2917 4258; baseline -0 -22"><span class='ocrx_word' id='word_1_174' title='bbox 575 4159 678 4236; x_wconf 87' lang='lat' dir='ltr'><strong>bit</strong></span> <span class='ocrx_word' id='word_1_175' title='bbox 729 4182 861 4258; x_wconf 90' lang='lat' dir='ltr'><strong>per</strong></span> <span class='ocrx_word' id='word_1_176' title='bbox 911 4160 1532 4236; x_wconf 85' lang='lat' dir='ltr'><strong>continuationem</strong></span> <span class='ocrx_word' id='word_1_177' title='bbox 1583 4160 2120 4257; x_wconf 87' lang='lat' dir='ltr'><strong>dispositionem</strong></span> <span class='ocrx_word' id='word_1_178' title='bbox 2166 4183 2379 4238; x_wconf 89' lang='lat' dir='ltr'><strong>suam</strong></span> <span class='ocrx_word' id='word_1_179' title='bbox 2432 4162 2627 4237; x_wconf 85' lang='lat' dir='ltr'><strong>circa</strong></span> <span class='ocrx_word' id='word_1_180' title='bbox 2682 4166 2917 4235; x_wconf 86' lang='lat' dir='ltr'><strong>mate-</strong></span> 
     </span>
     <span class='ocr_line' id='line_1_24' title="bbox 577 4280 2917 4377; baseline -0.001 -22"><span class='ocrx_word' id='word_1_181' title='bbox 577 4282 760 4357; x_wconf 87' lang='lat' dir='ltr'><strong>riam</strong></span> <span class='ocrx_word' id='word_1_182' title='bbox 815 4281 1376 4377; x_wconf 83' lang='lat' dir='ltr'><strong>praecedentem.</strong></span> <span class='ocrx_word' id='word_1_183' title='bbox 1427 4282 1515 4355; x_wconf 89' lang='lat' dir='ltr'><strong>Et</strong></span> <span class='ocrx_word' id='word_1_184' title='bbox 1564 4281 1754 4355; x_wconf 91' lang='lat' dir='ltr'><strong>istud</strong></span> <span class='ocrx_word' id='word_1_185' title='bbox 1821 4282 2221 4377; x_wconf 83' lang='lat' dir='ltr'><strong>capitulum</strong></span> <span class='ocrx_word' id='word_1_186' title='bbox 2288 4302 2436 4356; x_wconf 91' lang='lat' dir='ltr'><strong>non</strong></span> <span class='ocrx_word' id='word_1_187' title='bbox 2496 4288 2607 4357; x_wconf 89' lang='lat' dir='ltr'><strong>est</strong></span> <span class='ocrx_word' id='word_1_188' title='bbox 2672 4280 2917 4354; x_wconf 89' lang='lat' dir='ltr'><strong>minus</strong></span> 
     </span>
     <span class='ocr_line' id='line_1_25' title="bbox 576 4402 2917 4499; baseline 0 -23"><span class='ocrx_word' id='word_1_189' title='bbox 576 4402 840 4477; x_wconf 86' lang='lat' dir='ltr'><strong>subtile</strong></span> <span class='ocrx_word' id='word_1_190' title='bbox 888 4422 1112 4499; x_wconf 83' lang='lat' dir='ltr'><strong>quam</strong></span> <span class='ocrx_word' id='word_1_191' title='bbox 1168 4402 1619 4497; x_wconf 85' lang='lat' dir='ltr'><strong>proecedens3</strong></span> <span class='ocrx_word' id='word_1_192' title='bbox 1671 4402 1884 4477; x_wconf 90' lang='lat' dir='ltr'><strong>cuius</strong></span> <span class='ocrx_word' id='word_1_193' title='bbox 1932 4403 2170 4499; x_wconf 86' lang='lat' dir='ltr'><strong>prima</strong></span> <span class='ocrx_word' id='word_1_194' title='bbox 2223 4424 2393 4498; x_wconf 87' lang='lat' dir='ltr'><strong>pars</strong></span> <span class='ocrx_word' id='word_1_195' title='bbox 2442 4409 2555 4478; x_wconf 86' lang='lat' dir='ltr'><strong>est</strong></span> <span class='ocrx_word' id='word_1_196' title='bbox 2614 4408 2917 4477; x_wconf 85' lang='lat' dir='ltr'><strong>natura-</strong></span> 
     </span>
     <span class='ocr_line' id='line_1_26' title="bbox 575 4520 2915 4619; baseline 0.001 -24"><span class='ocrx_word' id='word_1_197' title='bbox 575 4521 680 4617; x_wconf 87' lang='lat' dir='ltr'><strong>lis,</strong></span> <span class='ocrx_word' id='word_1_198' title='bbox 730 4520 1054 4598; x_wconf 87' lang='lat' dir='ltr'><strong>secunda</strong></span> <span class='ocrx_word' id='word_1_199' title='bbox 1103 4522 1562 4619; x_wconf 83' lang='lat' dir='ltr'><strong>astrologica,</strong></span> <span class='ocrx_word' id='word_1_200' title='bbox 1617 4522 1828 4599; x_wconf 88' lang='lat' dir='ltr'><strong>tertia</strong></span> <span class='ocrx_word' id='word_1_201' title='bbox 1881 4523 2201 4598; x_wconf 84' lang='lat' dir='ltr'><strong>moralis.</strong></span> <span class='ocrx_word' id='word_1_202' title='bbox 2236 4525 2327 4597; x_wconf 89' lang='lat' dir='ltr'><strong>Et</strong></span> <span class='ocrx_word' id='word_1_203' title='bbox 2365 4524 2441 4597; x_wconf 88' lang='lat' dir='ltr'><strong>in</strong></span> <span class='ocrx_word' id='word_1_204' title='bbox 2493 4524 2625 4597; x_wconf 88' lang='lat' dir='ltr'><strong>ista</strong></span> <span class='ocrx_word' id='word_1_205' title='bbox 2678 4523 2915 4617; x_wconf 89' lang='lat' dir='ltr'><strong>prima</strong></span> 
     </span>
     <span class='ocr_line' id='line_1_27' title="bbox 573 4642 2913 4739; baseline 0 -20"><span class='ocrx_word' id='word_1_206' title='bbox 573 4650 779 4737; x_wconf 86' lang='lat' dir='ltr'><strong>parte</strong></span> <span class='ocrx_word' id='word_1_207' title='bbox 828 4642 1349 4737; x_wconf 86' lang='lat' dir='ltr'><strong>continuativa,</strong></span> <span class='ocrx_word' id='word_1_208' title='bbox 1394 4649 1609 4739; x_wconf 87' lang='lat' dir='ltr'><strong>poeta</strong></span> <span class='ocrx_word' id='word_1_209' title='bbox 1661 4644 2188 4719; x_wconf 83' lang='lat' dir='ltr'><strong>sententialiter</strong></span> <span class='ocrx_word' id='word_1_210' title='bbox 2220 4644 2378 4719; x_wconf 83' lang='lat' dir='ltr'><strong>vuit</strong></span> <span class='ocrx_word' id='word_1_211' title='bbox 2416 4644 2682 4738; x_wconf 89' lang='lat' dir='ltr'><strong>dicere,</strong></span> <span class='ocrx_word' id='word_1_212' title='bbox 2714 4645 2913 4738; x_wconf 87' lang='lat' dir='ltr'><strong>quod</strong></span> 
     </span>
     <span class='ocr_line' id='line_1_28' title="bbox 573 4761 2917 4859; baseline 0.002 -25"><span class='ocrx_word' id='word_1_213' title='bbox 573 4761 724 4859; x_wconf 87' lang='lat' dir='ltr'><strong>ipse</strong></span> <span class='ocrx_word' id='word_1_214' title='bbox 773 4782 948 4837; x_wconf 87' lang='lat' dir='ltr'><strong>cum</strong></span> <span class='ocrx_word' id='word_1_215' title='bbox 1003 4768 1202 4837; x_wconf 88' lang='lat' dir='ltr'><strong>tanta</strong></span> <span class='ocrx_word' id='word_1_216' title='bbox 1253 4763 1656 4838; x_wconf 88' lang='lat' dir='ltr'><strong>attentione</strong></span> <span class='ocrx_word' id='word_1_217' title='bbox 1714 4769 2016 4839; x_wconf 84' lang='lat' dir='ltr'><strong>steterat</strong></span> <span class='ocrx_word' id='word_1_218' title='bbox 2075 4764 2397 4839; x_wconf 87' lang='lat' dir='ltr'><strong>intentus</strong></span> <span class='ocrx_word' id='word_1_219' title='bbox 2457 4762 2550 4839; x_wconf 90' lang='lat' dir='ltr'><strong>ad</strong></span> <span class='ocrx_word' id='word_1_220' title='bbox 2608 4764 2917 4840; x_wconf 89' lang='lat' dir='ltr'><strong>audien-</strong></span> 
     </span>
     <span class='ocr_line' id='line_1_29' title="bbox 570 4882 2915 4979; baseline 0.001 -22"><span class='ocrx_word' id='word_1_221' title='bbox 570 4882 750 4957; x_wconf 88' lang='lat' dir='ltr'><strong>dum</strong></span> <span class='ocrx_word' id='word_1_222' title='bbox 797 4902 1050 4979; x_wconf 83' lang='lat' dir='ltr'><strong>regem</strong></span> <span class='ocrx_word' id='word_1_223' title='bbox 1087 4883 1544 4959; x_wconf 74' lang='lat' dir='ltr'><strong>Manli-edum</strong></span> <span class='ocrx_word' id='word_1_224' title='bbox 1581 4884 2004 4977; x_wconf 87' lang='lat' dir='ltr'><strong>loquentem</strong></span> <span class='ocrx_word' id='word_1_225' title='bbox 2045 4904 2325 4979; x_wconf 85' lang='lat' dir='ltr'><strong>secum,</strong></span> <span class='ocrx_word' id='word_1_226' title='bbox 2362 4886 2558 4979; x_wconf 89' lang='lat' dir='ltr'><strong>quod</strong></span> <span class='ocrx_word' id='word_1_227' title='bbox 2596 4887 2915 4960; x_wconf 86' lang='lat' dir='ltr'><strong>multum</strong></span> 
     </span>
    </p>
   </div>
   <div class='ocr_carea' id='block_1_4' title="bbox 690 5068 2078 5207">
    <p class='ocr_par' dir='ltr' id='par_1_4' title="bbox 690 5068 2078 5207">
     <span class='ocr_line' id='line_1_30' title="bbox 690 5068 2078 5131; baseline 0.001 -11"><span class='ocrx_word' id='word_1_228' title='bbox 690 5068 745 5131; x_wconf 89' lang='lat'><strong>(¹)</strong></span> <span class='ocrx_word' id='word_1_229' title='bbox 781 5068 842 5119; x_wconf 83' lang='lat' dir='ltr'><strong>B.</strong></span> <span class='ocrx_word' id='word_1_230' title='bbox 875 5072 1116 5120; x_wconf 75' lang='lat' dir='ltr'><strong>tractavit</strong></span> <span class='ocrx_word' id='word_1_231' title='bbox 1145 5076 1200 5120; x_wconf 84' lang='lat' dir='ltr'><strong>et</strong></span> <span class='ocrx_word' id='word_1_232' title='bbox 1231 5072 1544 5123; x_wconf 73' lang='lat' dir='ltr'><strong>examinavit</strong></span> <span class='ocrx_word' id='word_1_233' title='bbox 1573 5085 1666 5122; x_wconf 76' lang='lat' dir='ltr'><strong>seu</strong></span> <span class='ocrx_word' id='word_1_234' title='bbox 1699 5071 2078 5122; x_wconf 73' lang='lat' dir='ltr'><strong>determinavit.</strong></span> 
     </span>
     <span class='ocr_line' id='line_1_31' title="bbox 692 5143 1368 5207; baseline 0.004 -11"><span class='ocrx_word' id='word_1_235' title='bbox 692 5143 750 5207; x_wconf 58' lang='grc' dir='ltr'><strong>(ἢ</strong></span> <span class='ocrx_word' id='word_1_236' title='bbox 781 5146 846 5196; x_wconf 84' lang='grc' dir='ltr'><strong>Ε.</strong></span> <span class='ocrx_word' id='word_1_237' title='bbox 875 5146 1126 5197; x_wconf 73' lang='lat' dir='ltr'><strong>dividitur</strong></span> <span class='ocrx_word' id='word_1_238' title='bbox 1157 5148 1210 5197; x_wconf 83' lang='lat' dir='ltr'><strong>in</strong></span> <span class='ocrx_word' id='word_1_239' title='bbox 1243 5153 1368 5200; x_wconf 70' lang='lat' dir='ltr'><strong>tren.</strong></span> 
     </span>
    </p>
   </div>
   <div class='ocr_carea' id='block_1_5' title="bbox 835 5250 2645 5299">
    <p class='ocr_par' dir='ltr' id='par_1_5' title="bbox 835 5250 2645 5299">
     <span class='ocr_line' id='line_1_32' title="bbox 835 5250 2645 5299; baseline 0.002 -4"><span class='ocrx_word' id='word_1_240' title='bbox 835 5250 918 5295; x_wconf 85' lang='lat'>111.</span> <span class='ocrx_word' id='word_1_241' title='bbox 2616 5258 2645 5299; x_wconf 83' lang='grc'><strong>8</strong></span> 
     </span>
    </p>
   </div>
   <div class='ocr_carea' id='block_1_6' title="bbox 4344 2979 4356 4769">
    <p class='ocr_par' dir='ltr' id='par_1_6' title="bbox 4344 2979 4356 4769">
     <span class='ocr_line' id='line_1_33' title="bbox 4344 2979 4356 4769; baseline 0 0"><span class='ocrx_word' id='word_1_242' title='bbox 4344 2979 4356 4769; x_wconf 95' lang='lat' dir='ltr'><strong> </strong></span> 
     </span>
    </p>
   </div>
   <div class='ocr_carea' id='block_1_7' title="bbox 4346 5710 4352 6591">
    <p class='ocr_par' dir='ltr' id='par_1_7' title="bbox 4346 5710 4352 6591">
     <span class='ocr_line' id='line_1_34' title="bbox 4346 5710 4352 6591; baseline 0 0"><span class='ocrx_word' id='word_1_243' title='bbox 4346 5710 4352 6591; x_wconf 95' lang='lat' dir='ltr'><strong> </strong></span> 
     </span>
    </p>
   </div>
  </div>
 </body>
</html>
