4392 6850
123 6427 146 6548 ...υ-..-
133 6393 140 6402 -
122 6037 141 6378 ’---“ὑ-ῌ
122 5990 124 6005 —

1543 985 1686 1053 394
2257 997 2666 1054 concurrum
2718 999 3159 1053 runos'ronn

1535 1142 1708 1238 quia
1757 1163 1970 1217 amor
2021 1147 2094 1217 et
2144 1141 2537 1218 liberalitas
2586 1141 2737 1217 duo
2787 1148 2980 1236 sunt,
3017 1161 3187 1236 quoe
3234 1141 3589 1216 inducunt
3642 1141 3878 1215 homi-

1538 1284 1666 1338 nes
1699 1263 1792 1338 ad
1826 1264 2082 1358 pulcra
2131 1270 2207 1336 et
2256 1262 2739 1356 delectabilia3
2776 1269 2850 1338 et
2881 1263 3092 1339 dicit:
3129 1253 3203 1336 ἰὰ
3242 1266 3419 1337 dove
3464 1265 3495 1336 i
3542 1283 3717 1336 cuor
3746 1283 3873 1336 son

1527 1387 1690 1477 faui
1734 1375 1796 1457 si
1845 1385 2182 1475 malvayi,
2234 1383 2438 1478 idest,
2474 1384 2548 1457 in
2600 1403 2747 1478 qua
2782 1383 3260 1459 Romandolia
3300 1384 3527 1458 animi
3570 1390 3744 1458 sunt
3778 1385 3872 1460 ita

1530 1505 1789 1579 mutati
1841 1504 1938 1579 ab
1986 1523 2247 1578 amore
2298 1503 2369 1577 in
2420 1503 2697 1597 odium,
2732 1525 2777 1578 a
2812 1504 3223 1579 curialitate
3261 1503 3335 1604 in
3380 1503 3867 1600 cupiditatem.

1531 1625 1618 1698 Et
1667 1624 1854 1718 vide,
1907 1624 2105 1718 quod
2152 1623 2378 1718 aliqui
2415 1624 2748 1698 referunt
2782 1630 3021 1698 totum
3055 1624 3249 1699 istud
3280 1623 3555 1698 dictum
3592 1624 3871 1698 solum-

1532 1744 1752 1820 modo
1799 1744 1892 1818 ad
1942 1745 2405 1837 Ravennam3
2456 1744 2585 1818 sed
2638 1745 2777 1820 hoc
2828 1764 2975 1818 non
3024 1744 3352 1820 videtur:
3397 1745 3641 1819 immo·
3676 1744 3866 1820 refe-

1532 1865 1844 1941 rendum
1898 1870 2007 1938 est
2055 1862 2148 1937 ad
2201 1869 2428 1937 totam
2480 1865 3055 1939 Romandiolam.
3092 1864 3298 1940 Unde
3332 1865 3575 1938 statim
3626 1871 3870 1938 osten-

1528 1985 1652 2080 dit,
1705 1984 1901 2079 quod
1951 2003 2164 2058 amor
2214 1988 2289 2058 et
2338 1984 2729 2059 liberalitas
2766 1985 3063 2061 recessit
3093 1984 3189 2059 de
3220 1983 3453 2080 patria
3488 2005 3647 2059 sua.
3676 2025 3777 2038 -
3809 1989 3867 2058 0

1531 2108 1952 2179 Bretinoro!
1983 2104 2113 2178 Hic
2151 2103 2387 2178 Guido
2422 2124 2595 2178 cum
2630 2104 2887 2179 dolore
2925 2103 3283 2179 convertit
3320 2123 3741 2178 sermonem
3778 2104 3867 2179 ad

1531 2227 1841 2324 patriam
1893 2245 2129 2319 suam,
2164 2225 2413 2300 dicens
2446 2225 2965 2300 exclamative:
3000 2246 3045 2298 o
3079 2227 3495 2298 Bretinoro!
3528 2224 3725 2298 Istud
3764 2231 3869 2298 est

1531 2346 2057 2422 nobilissimum
2111 2346 2495 2420 castellum
2547 2345 2754 2439 quasi
2808 2346 2881 2418 in
2932 2353 3189 2419 centro
3246 2345 3745 2420 Romandiolae
3794 2344 3863 2417 in

1531 2473 1782 2542 monte
1829 2466 2051 2540 situm
2105 2487 2329 2562 supra
2377 2466 2802 2560 Forlivium,
2856 2467 3131 2540 habens
3180 2466 3624 2561 pulcerrima
3676 2485 3865 2540 moe-

1531 2586 1676 2680 nia,
1727 2593 1800 2661 et
1852 2587 2012 2660 loca
2061 2606 2357 2660 amoena
2410 2591 2482 2660 et
2516 2585 2817 2679 fertilia3
2858 2583 2983 2660 01ιό
3028 2607 3170 2658 non
3212 2589 3419 2680 fuqqi
3458 2589 3623 2658 via?
3656 2586 3861 2679 quasi

1530 2706 1759 2781 dicat:
1814 2726 1949 2780 cur
2000 2726 2148 2780 non
2200 2705 2480 2781 recedis
2528 2705 2622 2780 de
2670 2710 3055 2781 contrata?
3097 2709 3223 2798 poi
3268 2708 3389 2778 che
3435 2707 3584 2796 pita
3620 2727 3696 2777 se
3744 2702 3867 2778 rte*

1529 2831 1604 2901 la
1653 2834 1775 2900 tua
1817 2829 2168 2922 samiyha,
2218 2825 2423 2919 idest,
2474 2831 2625 2898 tam
2698 2826 2955 2900 nobilis
3012 2833 3087 2900 et
3146 2826 3441 2901 curialis
3500 2825 3783 2918 defecit,
3834 2847 3869 2897 e

1529 2951 1746 3022 molta
1793 2955 2018 3039 yeme,
2069 2967 2239 3042 quae
2288 2952 2449 3022 erat
2498 2946 2713 3040 bona,
2764 2969 2900 3040 per
2962 2967 3103 3020 non
3170 2969 3361 3020 esser
3418 2949 3537 3018 ria
3559 2954 3599 3020 ?
3665 2946 3867 3038 idest,

1531 3067 1852 3163 recessit,
1905 3089 1999 3143 ne
2050 3076 2561 3142 reservaretur
2610 3068 2703 3142 ad
2756 3068 2889 3142 ista
2940 3073 3273 3164 tempora
3327 3088 3575 3163 prava.
3618 3069 3707 3141 Et
3757 3067 3867 3142 hic

1531 3195 1727 3283 nota,
1781 3195 1864 3262 ut
1915 3188 2183 3283 videaS,
2237 3188 2297 3262 si
2350 3209 2620 3286 magna
2670 3189 3003 3263 nobilitas
3062 3188 3357 3286 vigebat
3419 3190 3637 3284 paulo
3702 3195 3868 3264 ante

1529 3309 1602 3386 in
1643 3311 2092 3404 Bretenorio,
2130 3309 2328 3405 quod
2363 3315 2697 3406 tempore
2748 3311 2952 3384 istius
2984 3309 3357 3402 Guidonis‚
3390 3310 3687 3403 quando
3736 3309 3867 3384 ali-

1529 3432 1693 3527 quis
1745 3432 1856 3505 vir
1909 3431 2165 3507 nobilis
2206 3438 2281 3507 et
2314 3432 2757 3506 honorabilis
2794 3432 3203 3527 applicabat
3238 3431 3330 3505 ad
3367 3437 3668 3524 terram,
3708 3452 3867 3506 ma-

1526 3572 1669 3649 gna
1724 3552 2091 3627 contentio
2143 3557 2303 3627 erat
2352 3552 2541 3627 inter
2595 3553 2867 3626 multos
2926 3552 3203 3627 nobiles
3260 3550 3354 3626 de
3412 3550 3863 3643 Bretenorio,

1527 3671 1602 3745 in
1667 3672 1880 3748 cuius
1943 3672 2249 3747 domum
2317 3672 2437 3747 ille
2504 3672 2665 3747 talis
2732 3672 3039 3747 sorensis
3104 3672 3409 3747 deberet
3476 3672 3861 3746 declinare.

1526 3794 1836 3888 Propter
1879 3792 2078 3887 quod
2111 3793 2572 3868 concorditer
2606 3797 3113 3867 convenerunt
3148 3792 3337 3867 inter
3370 3812 3473 3886 se,
3509 3790 3708 3885 quod
3742 3812 3868 3866 co-

1528 3913 1783 3987 lumna
1835 3911 2115 4008 lapidea
2167 3912 2521 4009 figeretur
2556 3912 2629 3987 in
2662 3912 2905 3987 medio
2938 3912 3197 4008 plateae
3230 3931 3403 3986 cum
3454 3911 3706 3985 multis
3738 3934 3871 3986 an-

1527 4034 1718 4107 nulis
1771 4034 2051 4129 ferreiS,
2103 4040 2176 4109 et
2226 4035 2465 4109 omnis
2514 4032 3038 4129 superveniens
3102 4038 3292 4107 esset
3341 4034 3604 4128 hospes
3656 4033 3865 4128 illim,

1526 4152 1620 4226 ad
1671 4152 1883 4227 cuius
1922 4154 2283 4227 annulum
2320 4154 2658 4251 alligaret
2690 4173 2991 4246 equum.
3018 4192 3119 4207 -—
3142 4157 3293 4225 Ben
3319 4156 3423 4246 sa.
3468 4152 3599 4228 Hic
3630 4152 3867 4228 Guido

1527 4273 1994 4348 commendat
2045 4295 2269 4349 unam
2325 4280 2601 4349 terram
2655 4274 2749 4348 ab
2800 4293 2892 4348 eo
2942 4271 3137 4366 quod
3188 4272 3301 4347 sui
3351 4272 3629 4347 nobiles
3669 4272 3835 4347 dese

1525 4399 1813 4488 cerunt,
1865 4399 1939 4469 et
1988 4394 2174 4469 duas
2223 4393 2523 4469 damnat
2568 4394 2666 4469 ab
2706 4414 2797 4469 eo
2832 4394 3030 4488 quod
3062 4393 3305 4468 adhuc
3343 4394 3661 4470 retinent
3694 4416 3865 4469 suos

1525 4511 1802 4587 nobiles
1851 4512 2307 4608 depravatos.
2363 4514 2545 4589 Dicit
2594 4534 2813 4610 ergo:
2864 4516 2995 4587 ben
3036 4517 3122 4607 fa
3171 4517 3660 4607 Baynacavat,
3704 4534 3865 4589 ma-

1522 4652 1754 4727 gnum
1807 4640 2132 4707 castrum
2185 4640 2296 4708 est
2345 4634 2533 4709 inter
2580 4634 2887 4708 Imolam
2938 4638 3013 4707 et
3060 4633 3487 4708 Ravennam
3520 4628 3619 4727 (¹),
3662 4634 3857 4728 quod

1530 4750 1780 4825 habuit
1839 4752 2012 4827 olim
2073 4754 2376 4829 comites
2427 4753 2728 4848 nobileS‚
2779 4753 3188 4828 curialitate
3239 4754 3510 4849 plenoS,
3552 4757 3673 4827 che
3719 4776 3861 4827 non

1532 4874 1826 4965 rifiqlia,
1861 4873 2069 4969 idest,
2106 4896 2251 4949 non
2300 4874 2530 4973 gignit
2579 4874 2891 4969 amplius
2939 4874 3191 4950 dulces
3232 4874 3411 4949 filios
3461 4896 3660 4970 suoS‚
3693 4874 3861 4968 quia

1651 5133 1709 5199 (¹)
1739 5134 1802 5185 E.
1835 5134 2132 5185 Ravennam
2164 5142 2221 5186 et
2251 5136 2549 5187 Faventiam
2580 5140 2635 5186 et
2664 5134 2804 5199 quod
2837 5134 3035 5185 babuit.
