4392 6850
1275 958 1554 1014 CANTus
1604 958 1920 1015 necinus
1971 961 2255 1016 numus
2790 952 2933 1019 313

581 1107 842 1180 oculus
891 1105 1337 1179 intuentium
1387 1124 1582 1199 saepe
1632 1104 2010 1180 falleretur
2059 1092 2423 1202 accipiens
2457 1130 2617 1183 rem
2662 1108 2929 1205 pictam

578 1246 717 1321 pro
767 1246 966 1301 vera.
1020 1224 1296 1299 Accidit
1344 1231 1596 1299 autem
1651 1225 1878 1300 semel
1930 1226 2126 1321 quod
2187 1227 2367 1301 dum
2436 1228 2721 1303 Giottus
2774 1230 2935 1325 pin-

579 1352 790 1443 geret
813 1345 1107 1439 Paduae,
1137 1345 1377 1420 adhuc
1411 1344 1583 1418 satis
1608 1344 1926 1440 juveniS,
1967 1368 2192 1420 unam
2230 1348 2633 1442 cappellam
2663 1350 2733 1422 in
2772 1350 2935 1424 loco

583 1466 708 1540 ubi
760 1466 894 1540 suit
943 1467 1118 1541 olim
1173 1467 1569 1561 theatrum,
1621 1467 1778 1541 sive
1828 1467 2126 1561 harena,
2165 1468 2433 1543 Dantes
2478 1470 2811 1565 pervenit
2844 1470 2939 1545 ad

586 1587 868 1661 locum:
912 1607 1136 1681 quem
1188 1586 1473 1661 Giottus
1527 1586 1925 1661 honorilice
1978 1597 2354 1683 receptum
2409 1590 2616 1663 duxit
2665 1591 2757 1666 ad
2802 1592 2937 1665 do-

587 1726 795 1779 mum
858 1727 1096 1800 suam,
1157 1706 1281 1781 ubi
1344 1707 1614 1781 Dantes
1684 1706 1935 1781 videns
2006 1709 2253 1802 plures
2316 1708 2706 1802 infantulos
2774 1711 2935 1785 eius

584 1848 880 1903 summe
927 1828 1316 1921 deformeS,
1366 1835 1464 1921 et,
1503 1833 1584 1901 ut
1625 1827 1770 1903 cito
1803 1827 2066 1920 dicam,
2102 1829 2517 1905 simillimos*
2551 1831 2762 1926 patri,
2806 1852 2937 1926 pe-

587 1948 780 2024 tivit:
833 1949 1130 2045 egregie
1185 1948 1559 2044 magister,
1611 1948 1826 2022 nimis
1881 1948 2133 2042 miror,
2172 1948 2371 2043 quod
2422 1970 2592 2023 cum
2647 1950 2721 2025 in
2770 1958 2933 2027 arte

584 2068 889 2164 pictoria
939 2068 1278 2143 dicamini
1335 2088 1480 2142 non
1533 2070 1808 2143 habere
1859 2090 2138 2163 parem,
2195 2070 2390 2144 unde
2440 2078 2571 2165 est,
2626 2072 2822 2165 quod
2852 2065 2929 2163 (¹)

581 2188 858 2263 alienas
908 2189 1186 2285 figuras
1236 2188 1464 2262 facitis
1490 2180 1566 2282 (²)
1623 2196 1772 2262 tam
1811 2189 2190 2283 formosaS,
2227 2196 2521 2277 vestras
2558 2212 2737 2265 vero
2780 2197 2931 2265 tam

581 2312 874 2403 turpes!
924 2309 1058 2385 Cui
1122 2308 1408 2383 Giottus
1471 2308 1880 2403 subridenS,
1935 2316 2201 2405 praesto
2269 2309 2683 2405 respondit:
2749 2311 2936 2398 Quia

581 2430 802 2526 pingo
851 2430 946 2505 de
996 2430 1136 2523 die,
1187 2430 1314 2504 sed
1367 2428 1563 2527 fingo
1613 2430 1706 2505 de
1751 2435 1984 2503 nocte.
2022 2431 2193 2503 Haec
2230 2430 2603 2525 responsio
2639 2451 2937 2506 summe

583 2552 854 2647 placuit
903 2552 1138 2648 Danti,
1190 2571 1338 2625 non
1389 2552 1562 2645 quia
1615 2552 1746 2625 sibi
1799 2556 1992 2625 esset
2040 2571 2257 2645 nova,
2302 2572 2473 2625 cum
2522 2553 2937 2626 inveniatur

583 2674 656 2749 in
707 2673 1074 2749 Macrobio
1125 2672 1310 2747 libro
1361 2672 1886 2765 Saturnalium,
1921 2672 2046 2747 sed
2087 2673 2263 2767 quia
2314 2678 2484 2747 nata
2536 2674 2926 2747 videbatur

585 2796 679 2869 ab
728 2794 1024 2891 ingenio
1078 2793 1406 2867 hominis.
1461 2793 1603 2867 Iste
1651 2794 1936 2867 Giottus
1989 2793 2166 2867 vixit
2230 2799 2474 2888 postea
2541 2794 2705 2887 diu3
2761 2814 2930 2867 nam

585 2922 924 2989 mortuus
975 2919 1084 2989 est
1135 2914 1206 2987 in
1261 2913 1810 2989 MCCCXXXVI.
1865 2915 1952 2989 Et
2003 2914 2104 2987 sic
2157 2920 2351 3007 nota,
2404 2914 2599 3009 quod
2650 2914 2933 2987 Giottus

585 3036 826 3111 adhuc
877 3042 1076 3110 tenet
1125 3054 1497 3129 campum,
1535 3034 1708 3127 quia
1747 3035 2070 3109 nondum
2128 3033 2325 3109 venit
2374 3034 2561 3107 alius
2612 3054 2703 3109 eo
2753 3033 2933 3107 sub-

583 3156 798 3249 tilior,
851 3176 1022 3231 cum
1077 3160 1326 3229 tamen
1378 3154 1630 3229 fecerit
1676 3155 2072 3249 aliquando
2131 3175 2439 3251 magnos
2500 3174 2799 3228 errores
2856 3154 2931 3227 in

582 3276 884 3372 picturis
933 3276 1106 3371 suiS,
1163 3282 1243 3350 ut
1292 3275 1538 3350 audivi
1587 3296 1630 3349 a
1689 3275 1970 3371 magnis
2023 3275 2349 3370 ingeniis.
2404 3274 2543 3348 Ista
2596 3295 2719 3348 ars
2773 3274 2933 3368 pin-

581 3396 798 3490 gendi
849 3403 924 3472 et
974 3395 1348 3492 sculpendi
1399 3396 1652 3470 habuit
1719 3396 1892 3470 olim
1925 3386 1998 3488 (³)
2073 3394 2555 3470 mirabiliores
2615 3394 2935 3469 artifices

581 3519 778 3615 apud
828 3540 1112 3616 graecos
1160 3524 1234 3593 et
1283 3518 1566 3611 latinOS,
1619 3524 1702 3590 ut
1752 3523 1948 3612 patet
2001 3539 2130 3612 per
2195 3516 2513 3590 Plinium
2574 3517 2647 3589 in
2715 3521 2938 3590 natu-

584 3642 715 3715 rali
769 3632 1420 3714 historia—6032.
1475 3639 1605 3712 Hic
1657 3643 1868 3734 poeta
1918 3638 2213 3712 adducit
2256 3638 2453 3711 aliud
2506 3639 2931 3732 exemplum

583 3762 900 3835 aliorum
955 3761 1510 3852 modernorum,
1571 3781 1896 3852 quorum
1953 3763 2269 3853 uterque
2320 3759 2454 3832 fuit
2505 3759 2759 3854 pulcer
2820 3758 2933 3830 in-

586 3887 848 3956 ventor
883 3880 1424 3976 Rhythmorum
1467 3880 1538 3953 in
1575 3880 1821 3975 lingua
1878 3887 2209 3955 materna
2238 3869 2339 3973 (⁸).
2376 3879 2580 3954 Unus
2634 3886 2937 3955 vocatus

583 4008 693 4076 est
743 4002 980 4076 Guido
1028 4001 1472 4076 Guinicellus
1520 4001 1613 4074 de
1663 4001 2010 4096 Bononia,
2047 4001 2138 4076 d'e
2189 4023 2341 4096 quo
2393 4007 2467 4076 et
2518 4002 2729 4076 cuius
2775 4003 2938 4074 lau-

582 4122 798 4197 dibus
845 4122 1072 4196 habes
1120 4121 1306 4196 infra
1357 4121 1672 4216 capitulo
1707 4121 1954 4196 xxvt.
2010 4121 2211 4196 Alter
2265 4143 2443 4196 vero
2480 4128 2782 4196 vocatus
2820 4128 2931 4196 est

583 4243 822 4317 Guido
869 4242 964 4316 de
1012 4242 1564 4317 Cavalcantibus
1614 4242 1708 4316 de
1757 4243 2147 4336 Florentia,
2184 4243 2341 4317 sine
2384 4242 2937 4337 comparatione

583 4363 1056 4438 excellentior
1107 4383 1221 4456 e0,
1275 4362 1446 4455 quia
1509 4361 1640 4435 ruit
1705 4383 2021 4458 magnus
2085 4363 2573 4457 philosophus»,
2626 4363 2718 4436 de
2786 4383 2935 4455 quo

575 4483 732 4578 Jam
788 4483 1016 4556 multa
1068 4481 1256 4556 dicta
1309 4488 1480 4555 sunt
1521 4482 1787 4557 Inferni
1825 4483 2140 4578 capitulo
2176 4483 2267 4576 X,
2308 4483 2431 4556 ubi
2467 4489 2681 4578 poeta
2728 4503 2937 4556 com-

585 4604 956 4679 mendavit
1004 4623 1180 4678 eum
1233 4625 1276 4677 a
1329 4603 1664 4696 scientia3
1721 4605 1834 4677 hic
1887 4625 2067 4678 vero
2121 4605 2591 4678 commendat
2630 4625 2804 4678 eum
2842 4603 2941 4677 ab

584 4724 1023 4818 eloquentia,
1075 4723 1354 4798 dicens:
1409 4727 1454 4796 Γ
1480 4745 1570 4796 un
1631 4726 1881 4814 Gadda,
1933 4725 2225 4816 scilicet,
2281 4725 2777 4816 CavalcanteS,
2838 4726 2933 4796 ka

713 4951 768 5013 (¹)
801 4951 864 5002 Β.
894 4951 1035 5016 qnod
1068 4952 1194 5002 alias
1225 4953 1434 5016 figuras.
1809 4949 1866 5012 (¹)
1897 4951 1948 5000 S.
1984 4951 2182 5000 faciatis
2218 4957 2340 5000 tam.

714 5027 770 5090 (⁸)
800 5027 854 5078 S.
885 5029 1012 5079 olim
1047 5029 1270 5078 maiores
1302 5028 1524 5078 artifices
1555 5032 1608 5077 et
1641 5027 1988 5076 mirabiliores
2023 5028 2156 5090 apud
2191 5041 2405 5090 grecos·

718 5105 772 5166 (⁸)
805 5105 866 5156 E.
899 5111 1160 5168 materna;
1191 5120 1418 5170 quorum
1451 5119 1588 5156 unus
