4392 6850
1447 988 1724 1045 cmm-us
1774 991 2106 1057 QmNTUS.
2805 981 2945 1046 147

588 1132 764 1228 quia
815 1141 1050 1229 potest
1106 1153 1374 1230 rogare
1425 1155 1559 1229 pro
1611 1135 1716 1210 eis
1770 1134 1945 1230 quia
1997 1142 2108 1210 est
2157 1135 2231 1209 in
2279 1143 2471 1210 statu
2514 1137 2773 1231 gratiae
2810 1157 2945 1232 po-

591 1252 794 1327 situs·
837 1295 938 1308 -
985 1256 1265 1347 Vapori.
1336 1253 1468 1328 Hic
1536 1261 1752 1348 poeta
1817 1254 2160 1330 describit
2228 1257 2545 1330 celerem
2620 1257 2943 1331 reditum

593 1373 900 1448 istorum
953 1374 1274 1449 duorum
1327 1374 1419 1448 ad
1473 1395 1646 1449 suos
1704 1396 1837 1470 per
1902 1376 2220 1451 nobilem
2288 1379 2937 1472 comparationem.

594 1494 700 1569 Ad
751 1495 961 1570 cuius
993 1494 1566 1571 declarationem
1603 1504 1892 1591 oportet
1928 1497 2166 1592 primo
2202 1504 2483 1592 notare,
2521 1500 2718 1593 quod
2755 1500 2947 1574 sicut

591 1614 842 1689 scribit
891 1616 1360 1710 philosophus
1410 1616 1599 1691 libro
1650 1619 2232 1711 Methaurorum,
2286 1639 2594 1718 vapores
2653 1621 2947 1696 attracti

590 1756 636 1809 a
687 1741 888 1810 terra
937 1737 1344 1812 ascendunt
1382 1737 1544 1832 plus
1595 1745 1669 1813 et
1723 1738 1964 1812 minus
2007 1739 2415 1813 secundum
2458 1761 2722 1814 eorum
2760 1762 2947 1837 qua-

595 1853 909 1951 litatem3
961 1857 1258 1951 quidam
1311 1856 1508 1931 enim
1563 1864 1734 1931 sunt
1777 1858 1875 1933 ita
1912 1857 2331 1933 materiales
2365 1865 2437 1933 et
2479 1860 2709 1954 grossi
2750 1863 2947 1955 quod

599 1995 748 2049 non
800 1975 1165 2050 excedunt
1227 1977 1539 2052 mediam
1611 1977 1989 2073 regionem
2051 1977 2271 2072 aeris,
2324 1979 2447 2052 sed
2516 1979 2609 2053 ibi
2672 2000 2948 2076 conge-

598 2096 851 2170 lantur
883 2119 926 2171 a
961 2095 1256 2193 frigore,
1309 2097 1427 2172 vel
1464 2098 1936 2172 resolvuntur
1973 2104 2046 2172 et
2081 2096 2390 2191 cadunt3
2428 2099 2727 2192 quidam
2772 2093 2946 2174 sunt

597 2215 1014 2292 subtiliores
1065 2224 1140 2292 et
1191 2217 1426 2318 magis
1475 2217 1902 2312 ascendunt,
1954 2237 2281 2310 quorum
2342 2217 2565 2311 aliqui
2626 2227 2801 2293 sunt
2850 2219 2948 2293 ita

596 2336 883 2431 viscosi,
937 2337 1135 2432 quod
1187 2358 1332 2412 non
1387 2342 1688 2434 possunt
1735 2337 1998 2412 resolvi
2038 2337 2110 2410 in
2144 2343 2477 2431 ventum,
2514 2338 2641 2412 sed
2692 2360 2949 2414 ascen·-

594 2456 781 2531 dunt
833 2456 906 2530 in
959 2463 1248 2531 tantum
1301 2457 1498 2552 quod
1549 2463 1846 2552 propter
1897 2456 2341 2532 vicinitatem
2388 2477 2621 2552 sperae
2656 2457 2842 2554 ignis
2876 2464 2951 2532 et

599 2584 942 2651 motuum
994 2577 1522 2672 accenduntur,
1559 2585 1635 2652 et
1667 2576 1726 2650 si
1762 2583 1934 2652 sunt
1975 2577 2281 2651 modicae
2323 2578 2749 2671 quantitatis
2802 2578 2946 2654 cito

599 2697 897 2792 cadunt,
933 2705 1010 2772 et
1058 2719 1192 2793 per
1242 2705 1530 2772 motum
1583 2717 1845 2772 eorum
1897 2697 2188 2774 videtur
2226 2698 2423 2792 quod
2458 2700 2732 2772 coelum
2775 2718 2952 2794 ape-

606 2819 862 2912 riatur,
915 2827 992 2894 et
1039 2818 1204 2913 plus
1254 2838 1401 2893 non
1452 2818 1771 2913 faciunt3
1823 2819 1952 2893 sed
2011 2818 2072 2891 si
2134 2825 2306 2891 sunt
2371 2839 2663 2914 magnae
2716 2841 2952 2914 quan-

605 2940 826 3015 titatis
878 2939 1200 3013 multum
1263 2937 1555 3014 tardant
1616 2939 1709 3012 ad
1773 2939 2313 3033 resolvendum,
2365 2939 2757 3033 aliquando
2817 2959 2951 3034 per

605 3063 854 3157 plures
903 3060 1079 3155 dies,
1130 3059 1522 3154 aliquando
1562 3079 1695 3154 per
1746 3061 1996 3154 plures
2040 3079 2355 3154 menseS,
2389 3059 2576 3134 sicut
2616 3067 2950 3154 cometae,
3078 3081 3088 3094 ·

605 3183 700 3259 de
723 3182 1018 3277 'quibus
1067 3180 1354 3256 dicetur
1403 3181 1594 3256 alibi.
1649 3179 1755 3254 Ad
1806 3180 2259 3275 propositum
2315 3187 2496 3276 ergo
2537 3189 2752 3275 poeta
2788 3180 2957 3256 facit

609 3303 725 3378 hic
774 3299 1398 3397 comparationem
1451 3300 1544 3374 de
1595 3299 1728 3373 illis
1779 3299 2174 3394 vaporibus
2234 3298 2360 3394 qui
2428 3306 2598 3372 sunt
2650 3298 2957 3374 modicae

610 3424 1033 3521 quantitatis
1082 3429 1157 3498 et
1209 3420 1541 3496 materiae
1589 3418 1982 3495 subtilioris
2035 3427 2110 3495 et
2158 3419 2483 3495 viscosae.
2519 3418 2627 3494 Ad
2664 3418 2951 3496 literam

613 3566 840 3640 ergo:
893 3543 1063 3618 dicit
1113 3544 1314 3639 ipse:
1365 3563 1507 3615 non
1561 3544 1699 3615 m'd’
1723 3544 1794 3613 io
1846 3544 1991 3614 mai
2041 3561 2271 3633 vapor
2313 3543 2537 3613 accesi
2567 3542 2815 3634 fender
2850 3560 2961 3613 se-

610 3685 810 3756 ren0,
862 3663 1036 3758 quia
1088 3665 1228 3738 hoc
1278 3660 1538 3737 accidit
1589 3661 1662 3735 in
1709 3667 1985 3755 aestate,
2030 3664 2106 3734 di
2141 3664 2388 3753 prima
2436 3665 2645 3750 nocte,
2690 3660 2963 3735 scilicet

611 3785 689 3859 in
735 3804 926 3859 sero.
981 3783 1070 3856 Et
1120 3782 1287 3857 facit
1338 3780 1558 3855 etiam
1615 3779 2241 3874 comparationem
2286 3779 2380 3854 de
2412 3779 2756 3874 nubibus,
2792 3799 2962 3874 quae

610 3926 744 4001 per
793 3903 1234 3979 caliditatem
1285 3902 1476 3977 aeris
1537 3900 1988 3976 descendunt
2049 3900 2142 3975 ad
2205 3907 2507 3995 terram,
2562 3901 2771 3995 quasi
2832 3921 2963 3975 ex-

609 4026 842 4121 pulsae
893 4046 940 4099 a
990 4023 1182 4099 dicto
1231 4024 1518 4117 calore3
1555 4028 1630 4096 et
1661 4023 1802 4095 hoc
1834 4021 2094 4095 accidit
2143 4040 2337 4115 saepe
2388 4020 2479 4095 de
2532 4041 2785 4095 mense
2819 4042 2963 4094 au-

612 4146 832 4244 gusti,
885 4145 1182 4240 quando
1231 4144 1340 4219 sol
1391 4150 1501 4218 est
1553 4142 1626 4216 in
1675 4142 1911 4236 leone,
1965 4142 2077 4217 vel
2132 4161 2361 4237 prope
2412 4162 2673 4215 canem
2728 4140 2965 4215 maio-

616 4287 801 4361 rem,
856 4266 985 4360 qui
1035 4284 1128 4341 eo
1193 4271 1531 4358 tempore
1593 4261 1916 4337 ascendit
1977 4281 2152 4336 cum
2212 4262 2388 4356 sole,
2440 4268 2524 4334 ut
2585 4266 2784 4355 patet
2831 4280 2966 4355 per

616 4388 1056 4463 Albumasar
1105 4386 1184 4459 in
1231 4404 1369 4459 suo
1402 4381 1958 4458 Introductorio.
1997 4381 2180 4456 Dicit
2214 4402 2434 4478 ergo:
2470 4376 2563 4455 ne*
2588 4383 2721 4473 sol,
2758 4379 2963 4475 idest,

595 4528 756 4583 nec
825 4506 972 4581 vidi
1040 4506 1270 4581 solem
1335 4503 1690 4579 scandere
1726 4494 1800 4595 (¹)
1873 4521 2251 4595 serenum,
2319 4502 2622 4574 calando
2690 4502 2966 4592 nuvole,

619 4629 826 4724 idest,
878 4626 1305 4703 cadentibus
1355 4624 1674 4699 nubibus
1726 4622 2070 4717 expulsiS,
2117 4623 2189 4695 α’
2208 4628 2495 4715 αῃοειος
2532 4630 2607 4697 et
2655 4620 2967 4716 applicat

623 4756 1021 4843 utramque
1087 4745 1712 4843 comparationem
1775 4742 1867 4818 ad
1935 4742 2416 4839 propositum,
2483 4742 2779 4816 dicens:
2848 4744 2969 4815 che

620 4874 844 4962 color,
896 4869 1188 4965 scilicet,
1239 4867 1389 4942 duo
1439 4864 1708 4960 nuncii,
1760 4884 1906 4937 non
1968 4870 2332 4937 tornasset·
2393 4882 2557 4935 suso
2616 4864 2692 4935 in
2742 4883 2965 4937 meno.

751 5118 808 5185 (¹)
847 5123 938 5172 11⁷
969 5132 1000 5169 e
1031 5117 1096 5171 E.
1127 5120 1380 5171 scindere.
