4392 6850
1261 978 1540 1035 camus
1587 978 1902 1035 nummus
1950 980 2276 1036 Tssn'rmS.
2790 968 2925 1035 am

583 1123 708 1200 ’01ιέ
753 1130 829 1201 in
879 1128 1120 1216 altr-ui,
1153 1124 1447 1218 scilicet,
1483 1124 1558 1199 in
1608 1126 1952 1200 euntibus
2001 1127 2093 1201 ad
2145 1125 2699 1223 indulgentiam,
2740 1113 2935 1231 piet&

587 1254 764 1321 tosto
810 1250 875 1319 si
917 1265 1188 1337 poyna,
1237 1245 1444 1339 idest,
1487 1244 1892 1341 compassio
1941 1246 2084 1321 cito
2135 1252 2563 1343 generetur,
2612 1266 2757 1319 non
2791 1264 2935 1337 pur

578 1387 711 1459 per
761 1368 831 1439 lo
879 1385 1106 1437 sonm-
1157 1367 1332 1439 delle
1357 1368 1640 1457 parole,
1676 1365 1943 1458 quibus
1984 1367 2307 1440 multum
2349 1376 2755 1461 provocant
2789 1386 2929 1441 au·

583 1486 862 1560 dientes
917 1486 1068 1580 pios
1117 1484 1210 1560 ad
1265 1484 1866 1579 misericordiam,
1916 1507 2036 1559 ma
2077 1506 2213 1578 per
2264 1490 2339 1560 la
2388 1490 2566 1560 vista
2616 1488 2735 1559 che
2784 1507 2931 1559 non

585 1627 785 1679 meno
835 1626 1152 1697 ayoyna,
1186 1605 1390 1699 idest,
1428 1605 1644 1681 latrat
1695 1612 1771 1681 et
1815 1607 2088 1681 clamat
2135 1607 2210 1681 in
2244 1607 2534 1702 effectu,
2579 1606 2730 1680 imo
2769 1627 2928 1681 ma-

585 1727 696 1823 gis
745 1733 998 1802 movet
1043 1726 1139 1801 ad
1187 1726 1764 1821 compassionem
1820 1727 2166 1803 videntes.
2206 1728 2294 1801 Et
2330 1729 2443 1802 hic
2486 1734 2656 1802 nota
2694 1748 2927 1821 quan·-

588 1856 747 1921 tum
798 1847 936 1921 ista
984 1846 1459 1941 comparatio,
1511 1866 1681 1940 quae
1731 1846 2022 1922 videtur
2071 1848 2485 1922 communis
2538 1854 2615 1923 et
2670 1846 2927 1923 dome·

585 1968 791 2061 stica,
825 1972 938 2041 est
975 1966 1468 2062 propriissima
1519 1987 1653 2062 per
1695 1987 1954 2041 omnes
1989 1974 2235 2061 partes
2276 1986 2485 2041 suas„
2506 1965 2693 2041 Caeci
2728 1967 2923 2041 enim

585 2094 775 2162 stant
794 2089 1010 2183 juxta
1047 2087 1401 2181 templum
1437 2094 1799 2180 sanctum,
1835 2092 1910 2161 et
1959 2087 2058 2160 ita
2109 2085 2353 2181 invidi,
2386 2086 2508 2181 qui
2542 2095 2715 2159 sunt
2752 2086 2927 2161 caeci

587 2206 756 2301 quia
810 2208 1082 2282 habent
1128 2208 1382 2282 oculos
1416 2208 1530 2281 hic
1565 2207 1876 2299 clausoS‚
1911 2214 2104 2281 stant
2132 2208 2349 2303 juxta
2396 2212 2721 2281 montem
2758 2226 2928 2280 san—

587 2334 833 2421 ctum3
885 2333 960 2401 et
1009 2327 1199 2402 sicut
1247 2327 1420 2403 caeci
1473 2327 1828 2403 sustinent
1879 2334 1952 2402 et
2013 2334 2447 2422 supportant
2500 2346 2693 2401 unus
2742 2328 2929 2401 alte-

587 2468 781 2541 rum,
826 2448 926 2521 ita
968 2446 1187 2521 invidi
1226 2448 1374 2522 hic:
1413 2453 1486 2521 et
1517 2448 1710 2521 sicut
1741 2448 1914 2522 caeci
1959 2454 2176 2523 orant
2211 2447 2329 2542 pie
2364 2454 2692 2544 petentes
2726 2448 2928 2523 elee-

589 2568 946 2642 mosinam
1013 2589 1162 2662 qua
1239 2568 1582 2663 indigent,
1659 2568 1753 2642 ita
1832 2567 2050 2642 invidi
2127 2568 2245 2663 pie
2320 2575 2535 2641 orant
2597 2576 2929 2664 petentes

591 2688 876 2763 veniam
932 2709 1080 2782 qua
1142 2688 1504 2785 indigent3
1557 2695 1634 2763 et
1681 2688 1870 2762 sicut
1927 2688 2151 2782 aliqui
2222 2694 2483 2762 euntes
2536 2690 2751 2784 juxta
2802 2709 2928 2764 ec-

589 2808 880 2883 clesiam
936 2816 1330 2883 moventur
1381 2808 1473 2883 ad
1522 2806 2104 2903 compassionem
2151 2828 2332 2905 erga
2366 2828 2599 2884 caecos
2640 2816 2790 2885 tam
2828 2829 2922 2885 ex

587 2929 868 3007 actibus
916 2950 1142 3024 quam
1179 2950 1270 3004 ex
1309 2930 1574 3023 verbiS,
1625 2930 1723 3003 ita
1759 2929 1871 3003 isti
1907 2936 2140 3024 poetae
2175 2935 2435 3004 euntes
2458 2931 2674 3027 juxta
2710 2951 2926 3005 mon-

589 3056 740 3124 tem
781 3051 1270 3126 movebantur
1303 3050 1396 3125 ad
1431 3050 2008 3146 compassionem
2039 3072 2218 3148 erga
2244 3051 2417 3126 istos
2457 3052 2737 3127 invidos
2774 3060 2923 3128 tam

587 3190 678 3245 ex
733 3171 1015 3255 actibus
1064 3192 1290 3266 quam
1341 3192 1433 3247 ex
1486 3172 1750 3247 verbis.
1779 3212 1878 3226 —-
1903 3176 1968 3245 E
2002 3194 2213 3245 come.
2250 3172 2379 3247 Hic
2412 3179 2626 3267 poeta
2666 3174 2925 3249 ultimo

586 3291 928 3366 describit
949 3292 1281 3367 ultimam
1311 3312 1604 3387 poenam
1629 3292 2094 3366 durissimam
2119 3293 2532 3367 invidorum
2564 3315 2697 3390 per
2720 3314 2927 3369 com-

587 3412 1039 3507 parationem
1079 3412 1514 3488 eorumdem
1569 3432 1964 3506 caecorum,
2005 3433 2172 3507 quae
2226 3420 2337 3488 est
2384 3414 2713 3490 similiter
2757 3435 2929 3510 pro-

590 3532 988 3627 priissima3
1039 3541 1118 3607 et
1166 3533 1325 3606 vult
1375 3533 1623 3607 dicere
1672 3533 2219 3626 sententialiter,
2274 3533 2470 3626 quod
2522 3534 2706 3608 sicut
2758 3537 2929 3609 caeci

583 3659 756 3728 sunt
803 3653 1064 3748 privati
1114 3653 1300 3746 visu,
1343 3653 1441 3727 ita
1483 3654 1679 3747 quod
1716 3674 1862 3727 non
1903 3661 2207 3748 possunt
2248 3654 2497 3730 videre
2530 3657 2789 3750 solem,
2832 3657 2931 3732 ita

583 3773 695 3847 isti
748 3771 966 3847 invidi
1019 3773 1288 3848 habent
1339 3773 1592 3848 oculos
1639 3774 1950 3867 clau505‚
2006 3774 2102 3847 ita
2168 3773 2365 3868 quod
2429 3795 2573 3848 non
2625 3783 2929 3870 possunt

586 3893 836 3968 videre
885 3894 1113 3968 solem
1152 3893 1482 3990 justitiae,
1537 3895 1796 3968 Deum.
1861 3893 2044 3970 Dicit
2108 3915 2329 3990 ergo:
2398 3899 2461 3967 Ε
2520 3915 2715 3968 come
2781 3898 2930 3986 ayla·

583 4015 740 4087 orbi
788 4035 930 4086 non
983 4018 1312 4107 approda
1361 4018 1415 4088 il
1459 4019 1626 4103 sole,
1663 4014 1868 4107 idest,
1912 4035 2059 4089 non
2102 4015 2382 4110 proficit
2436 4016 2688 4090 lumen
2730 4015 2921 4111 solis,

585 4133 783 4228 quod
835 4154 983 4209 non
1032 4134 1300 4230 vident,
1353 4141 1427 4210 et
1477 4135 1688 4208 cuius
1740 4133 2227 4229 pulcritudine
2267 4143 2342 4211 et
2375 4136 2541 4210 luce
2576 4157 2719 4211 non
2758 4157 2925 4231 pos-

585 4261 759 4328 sunt
823 4254 1208 4350 delectari;
1259 4247 1402 4328 cosi
1451 4275 1500 4328 a
1550 4258 1596 4328 t’
1623 4255 1886 4344 ombre,
1939 4254 2143 4348 idest,
2195 4254 2585 4329 animabus
2642 4255 2925 4330 invido-

592 4395 782 4468 rum,
837 4379 982 4448 luce
1027 4378 1145 4448 del
1184 4378 1334 4466 ciel,
1371 4374 1553 4450 idest
1586 4376 1715 4467 sol,
1757 4374 2051 4467 scilicet,
2089 4375 2313 4464 Deus,
2346 4395 2491 4447 non
2542 4377 2739 4448 vuole
2770 4377 2923 4448 Iar-

585 4500 702 4587 m’r
767 4500 843 4570 di
905 4519 1006 4587 se,
1057 4497 1242 4571 idest
1293 4517 1438 4571 non
1491 4496 1648 4568 vult
1707 4495 1982 4569 donare
2043 4515 2144 4590 se,
2197 4499 2341 4588 qui,
2392 4495 2595 4588 idest,
2656 4495 2729 4569 in
2791 4497 2925 4570 isto

583 4617 905 4691 secundo
939 4617 1242 4711 circulo,
1289 4619 1452 4689 dov'
1476 4619 1549 4689 io
1575 4619 2041 4708 parlav’ora,
2070 4615 2245 4709 quia
2279 4615 2390 4689 isti
2436 4635 2581 4690 non
2624 4625 2927 4711 possunt

585 4739 836 4814 videre
885 4739 1122 4814 Deum
1175 4736 1526 4833 quamdiu
1580 4743 1776 4811 stant
1824 4737 1900 4810 in
1949 4736 2085 4811 ista
2137 4757 2379 4830 poena,
2436 4736 2561 4811 sed
2614 4744 2923 4834 purgata

583 4859 798 4954 culpa
851 4858 1220 4952 videbunt,
1273 4857 1463 4932 sicut
1515 4857 1733 4931 modo
1784 4862 2036 4951 optant
2087 4865 2163 4932 et
2221 4863 2535 4952 sperant.
2598 4856 2687 4930 Et
2744 4857 2927 4930 assi-
3038 4851 3047 4858 ’

585 4986 762 5077 gnat
809 5001 1133 5074 causam,
1186 4979 1472 5054 dicens:
1527 4980 1648 5050 che
1695 4999 1745 5050 a
1795 4985 1952 5050 tutte
2002 4999 2097 5052 un
2133 4981 2217 5070 fil
2252 4981 2328 5051 di
2369 4982 2572 5072 ferro
2621 4981 2678 5051 il
2722 4981 2927 5070 ciylio

582 5105 780 5195 sora,
835 5098 1243 5194 idestsuit,
1299 5105 1382 5173 ut
1440 5098 1624 5171 infra
1685 5097 1950 5171 dicitur
2013 5097 2335 5192 plenius:
2396 5103 2473 5172 et
2535 5097 2659 5170 dat
2718 5095 2921 5173 filum
