4392 6850
1425 963 1574 1033 228
1757 1019 1766 1028 .
2151 971 2561 1028 commun
2612 967 3049 1027 pmcn-ona

1425 1124 1596 1212 ma,
1649 1119 1740 1194 de
1789 1137 1873 1192 re
1923 1137 2142 1211 nova,
2182 1137 2599 1211 numquam
2636 1114 2819 1190 alias
2866 1113 3023 1188 visa
3074 1115 3193 1188 vel
3234 1114 3531 1209 audita·;
3568 1121 3644 1189 et
3694 1120 3776 1188 tu

1427 1239 1666 1315 dices:
1718 1239 1976 1312 Nonne
2025 1235 2401 1312 Sordellus
2450 1235 2578 1332 qui
2626 1241 2918 1313 tantum
2976 1234 3226 1310 fuerat
3290 1254 3466 1310 cum
3520 1235 3777 1328 Dante,

1425 1357 1912 1457 perpenderat
1959 1358 2201 1455 ipsum
2264 1358 2426 1433 fore
2493 1357 2747 1432 vivum
2776 1361 2809 1429 Y
2876 1355 3052 1430 Dico
3104 1356 3302 1448 quod
3364 1374 3553 1449 non3
3606 1352 3777 1448 quia

1425 1481 1671 1557 anima
1721 1488 2057 1576 separata
2105 1487 2219 1556 est
2268 1481 2364 1556 ibi
2412 1479 2713 1556 visibilis
2764 1479 2954 1554 sicut
2986 1486 3061 1554 et
3102 1479 3327 1554 homo
3360 1480 3639 1573 vivens,
3676 1479 3778 1554 ita

1425 1601 1623 1696 quod
1673 1621 1806 1697 per
1856 1600 2097 1676 visum
2151 1621 2301 1676 non
2350 1599 2937 1698 cognoscebatur
2962 1593 3037 1692 (¹)
3072 1599 3272 1693 quod
3308 1599 3613 1692 viveret,
3648 1598 3778 1674 sed

1425 1743 1518 1798 ex
1571 1722 1730 1797 eius
1784 1721 2363 1798 manifestatione
2410 1722 2530 1798 vel
2578 1719 2850 1796 umbra
2890 1718 3247 1814 corporis,
3286 1719 3403 1795 vel
3456 1720 3777 1816 respira-

1425 1844 1647 1938 tione,
1683 1843 1800 1918 vel
1833 1863 1966 1939 per
2015 1843 2215 1917 aliud
2250 1842 2487 1917 simile
2521 1841 2855 1939 signum3
2897 1840 3096 1914 unde
3137 1846 3355 1934 poeta
3398 1841 3777 1916 exclama·-

1425 1965 1530 2039 vit
1555 1955 1628 2056 (²)
1669 1984 1892 2059 supra
1926 1963 2251 2038 secundo
2281 1963 2647 2059 capitulo:
2698 1981 2745 2036 o
2779 1963 3021 2036 ombre
3058 1983 3239 2036 vane
3267 1966 3439 2056 suor
3470 1964 3593 2035 che
3624 1965 3777 2036 nel-

1427 2089 1470 2158 t'
1495 2090 1778 2177 aspetto.
1831 2085 1918 2158 Et
1966 2083 2283 2160 ostendit
2338 2083 2518 2178 quid
2578 2084 2914 2159 fecerunt
2974 2081 3085 2156 isti
3154 2082 3305 2158 duo
3368 2083 3775 2179 stupefacti,

1426 2205 1710 2280 dicens:
1763 2207 1808 2278 l’
1825 2226 1946 2298 un,
2001 2205 2273 2280 scilicet
2318 2203 2715 2298 Sordellus,
2762 2207 2829 2278 si
2878 2207 3064 2278 vol-se
3100 2225 3153 2277 a
3208 2207 3518 2296 ViriniO‚
3564 2205 3775 2300 quasi

1427 2325 1718 2400 dicens:
1772 2345 1818 2398 o
1869 2325 2034 2420 quis
2083 2331 2194 2400 est
2244 2325 2381 2400 iste
2432 2323 2807 2419 mirabiIiS,
2860 2343 3085 2418 quem
3139 2330 3217 2398 tu
3270 2324 3476 2399 ducis
3526 2331 3775 2400 tecum

1427 2447 1682 2522 vivum
1732 2466 1866 2541 per
1915 2446 2075 2520 loca
2127 2452 2601 2520 mortuorum
2628 2449 2664 2518 τ
2730 2466 2768 2518 e
2830 2448 2877 2519 Γ
2902 2447 3116 2538 altre,
3178 2445 3469 2540 scilicet,
3520 2445 3775 2540 Ninus,

1427 2567 1708 2662 supple,
1775 2565 2002 2641 volvit
2061 2585 2162 2659 se,
2224 2567 2325 2638 ad
2368 2585 2469 2638 tm
2532 2567 2653 2640 che
2699 2567 2908 2640 sedeo
2968 2557 3040 2658 li,
3092 2565 3386 2660 scilicet,
3450 2563 3777 2640 Coi-rado

1426 2687 1830 2762 marchioni
1882 2685 2317 2782 Malaspinae,
2370 2685 2498 2780 qui
2548 2692 2713 2760 erat
2772 2683 2904 2760 sibi
2958 2686 3200 2760 socius
3262 2692 3339 2762 et
3402 2686 3776 2761 familiaris

1427 2809 1686 2884 sedens
1736 2823 1909 2882 cum
1961 2807 2118 2882 aliis
2167 2807 2241 2881 in
2292 2809 2457 2882 loco
2508 2807 2744 2901 basso,
2780 2806 2955 2901 quia
2989 2806 3127 2884 iste
3164 2813 3331 2882 erat
3380 2807 3661 2883 italicus
3696 2815 3777 2883 et

1427 2929 1708 3004 vicinus
1759 2949 1940 3002 suus
1991 2934 2065 3003 et
2115 2929 2351 3025 magis
2414 2947 2548 3024 par
2606 2947 2834 3023 quam
2896 2927 2994 3001 illi
3064 2927 3422 3024 principes
3476 2935 3555 3003 et
3614 2949 3775 3004 ma·

1425 3055 1729 3146 gnates3
1783 3048 1947 3124 ideo
2009 3047 2254 3123 statim
2317 3047 2547 3122 Ninus
2612 3047 2974 3123 convertit
3038 3067 3119 3122 se
3176 3048 3271 3122 ad
3339 3049 3571 3144 illum,
3620 3053 3777 3142 ori-

1427 3171 1694 3261 claude,
1745 3189 1842 3243 ex
1903 3167 2435 3244 admiratione:
2502 3189 2613 3260 su,
2666 3171 3021 3261 conada,
3075 3169 3280 3264 idest,
3332 3191 3559 3267 surge
3602 3171 3773 3267 cito,

1427 3290 1610 3361 vieni
1657 3309 1706 3362 a
1757 3291 1966 3364 veder
2013 3291 2136 3362 che
2183 3292 2323 3362 Dio
2355 3307 2491 3382 per
2534 3291 2797 3379 mazia
2842 3291 3055 3380 colse,
3088 3288 3298 3384 idest,
3334 3310 3492 3391 rem
3548 3290 3774 3366 mira-

1425 3405 1672 3505 bilem,
1726 3432 1950 3504 quam
2001 3410 2201 3484 Deus
2248 3430 2341 3484 ex
2396 3408 2633 3506 gratia
2681 3407 2973 3504 speciali
3033 3409 3392 3485 concessit
3449 3411 3580 3485 uni
3634 3432 3775 3487 no-

1425 3537 1581 3606 stro
1629 3538 1865 3626 tusco,
1917 3537 2002 3605 ut
2050 3531 2305 3606 vivens
2370 3530 2735 3605 discurrat
2796 3530 3109 3605 videndo
3168 3531 3509 3628 regiones
3573 3552 3777 3608 mor-

1426 3656 1735 3725 tuorum
1787 3650 1862 3725 in
1911 3650 2205 3726 seculo:
2256 3670 2437 3725 vere
2498 3650 2635 3724 ista
2698 3655 2813 3724 est
2872 3650 3230 3747 stupenda
3293 3652 3558 3750 gratia,
3606 3674 3777 3748 qnae

1425 3792 1838 3865 numquam
1884 3770 2173 3846 videtur
2206 3790 2555 3845 concessa
2587 3768 2821 3847 alteri.
2844 3812 2949 3827 —
2974 3775 3124 3845 Poi.
3164 3772 3294 3847 Hic
3329 3774 3542 3869 poeta
3578 3774 3775 3869 ponit

1424 3892 1836 3967 orationem
1869 3890 2033 3965 Nini
2066 3890 2159 3967 ad
2209 3910 2315 3983 se,
2354 3889 2482 3985 qui
2516 3896 2817 3987 captans
2855 3891 3440 3967 benevolentiam
3479 3894 3656 3990 petit
3692 3901 3773 3969 ut

1423 4010 1981 4087 recommendet
2031 4031 2209 4085 eum
2260 4010 2426 4083 filiae
2475 4032 2654 4105 suae,
2704 4010 2894 4087 sicut
2958 4012 3126 4086 fecit
3176 4032 3311 4087 rex
3362 4014 3775 4089 Manli-edus

1419 4154 1668 4230 supra.
1707 4134 1794 4207 Et
1827 4132 2042 4207 litera
2075 4132 2213 4209 ista
2243 4138 2358 4206 est
2392 4130 2603 4207 valde
2635 4132 2953 4208 obscura
2988 4139 3063 4209 et
3088 4135 3445 4211 sententia
3476 4134 3769 4227 cla-usu

1423 4256 1623 4331 unde
1671 4254 1810 4330 ista
1859 4253 2069 4329 litera
2111 4259 2348 4349 potest
2386 4252 2659 4329 habere
2692 4254 3055 4349 duplicem
3094 4254 3586 4331 intellectum:
3616 4254 3772 4351 pri-

1419 4396 1592 4451 mus
1643 4382 1778 4472 est,
1830 4374 2029 4470 quod
2075 4374 2310 4448 Ninus
2360 4374 2653 4449 adiurat
2688 4372 3003 4449 Dantem
3054 4395 3190 4469 per
3238 4394 3576 4451 amorem
3610 4374 3771 4449 'Vir-

1417 4498 1596 4595 gilii,
1649 4496 1850 4591 quod
1899 4495 2054 4591 ipse
2113 4494 2667 4571 recommendet
2722 4514 2901 4570 eum
2961 4494 3127 4570 ffliae
3186 4516 3390 4591 οπως
3460 4502 3535 4572 et
3598 4504 3771 4571 tunc

1413 4638 1708 4714 expone
1766 4623 1840 4692 et
1899 4616 2158 4691 ordina
2208 4613 2311 4690 sic
2360 4615 2696 4690 literam:
2740 4620 2869 4709 poi
2916 4620 3103 4691 voao
3160 4638 3210 4690 a
3272 4638 3405 4709 me,
3472 4616 3764 4711 scilicet,

1415 4734 1542 4811 ille
1589 4735 1841 4831 Ninus,
1893 4734 2023 4830 qui
2071 4735 2313 4832 primo
2370 4734 2708 4810 volverat
2766 4754 2847 4811 se
2912 4736 3007 4811 ad
3068 4736 3480 4811 Corradum
3549 4737 3771 4811 Mala—

1415 4854 1731 4951 spinam,
1781 4854 1962 4929 dixit
2021 4854 2198 4929 mihi
2248 4854 2659 4931 adiurative
2716 4856 3153 4932 exordiens:
3210 4878 3347 4953 pm·
3414 4861 3573 4951 quot
3628 4860 3770 4931 sin-

1541 5106 1600 5171 (⁸)
1627 5104 1696 5158 13.
1729 5108 2215 5173 ncossnooeebatur.
2836 5108 2894 5174 (⁸)
2928 5115 3037 5173 11⁷,
3068 5112 3343 5165 adunat.
