4392 6850
1463 917 1558 987 32
2183 931 2594 988 COMENTUM
2642 925 3087 989 ruuouonu

1458 1099 1782 1174 praesens
1842 1077 1998 1172 fuit,
2061 1079 2241 1152 Cato
2316 1098 2464 1152 non
2522 1080 2849 1154 interfuit
2915 1081 3177 1177 proelio
3242 1082 3443 1175 quod
3501 1082 3804 1159 feliciter

1452 1199 1678 1296 gessit
1725 1200 1968 1274 Caesar
2003 1199 2076 1271 in
2109 1198 2351 1273 Africa
2386 1207 2640 1274 contra
2678 1200 3085 1296 Scipionem
3120 1221 3465 1276 socerum
3504 1203 3797 1298 Pompei

1455 1326 1530 1396 et
1595 1320 1861 1394 Jubam
1935 1339 2186 1416 regem
2256 1320 2841 1414 potentissimum
2909 1321 3434 1417 Numidarum,
3494 1324 3588 1398 de
3652 1345 3801 1419 quo

1455 1439 1714 1536 proelio
1762 1438 2048 1514 dicetur
2109 1439 2431 1514 Paradisi
2472 1441 2789 1536 capitulo
2824 1441 2962 1514 VI:
3025 1449 3485 1517 remanserat
3536 1444 3799 1538 Uticae3

1455 1565 1530 1636 et
1579 1561 1753 1654 quia
1803 1581 1949 1634 non
1993 1566 2153 1634 erat
2203 1560 2301 1633 ibi
2360 1560 2584 1654 fortiS,
2638 1561 2889 1636 videns
2938 1562 3223 1636 animos
3274 1562 3542 1636 civium
3596 1563 3798 1639 incli-

1455 1680 1614 1754 nari
1648 1680 1741 1754 ad
1775 1681 2140 1754 Caesarem
2176 1680 2495 1754 eiecerat
2526 1681 2811 1776 plebem
2851 1681 3213 1756 inermem
3240 1688 3449 1756 extra
3496 1682 3796 1778 urbem3

1455 1800 1806 1876 Senatum
1867 1819 2047 1873 vero
2107 1799 2477 1874 detinebat
2533 1801 2897 1876 inclusum
2958 1802 3031 1875 in
3092 1803 3441 1876 custodia.
3502 1803 3797 1898 Equites
3904 1901 3912 1904 „

1453 1919 1802 2015 Scipionis
1852 1919 1978 2014 qui
2013 1920 2355 2014 fugerant
2390 1941 2433 1994 a
2470 1921 2807 1996 conflictu
2842 1928 3338 2017 pervenerunt
3370 1916 3443 2015 (¹)
3490 1924 3794 2019 Uticam,

1453 2059 1680 2135 quam
1747 2039 2054 2136 ingressi
2104 2039 2573 2115 intendebant
2622 2041 2861 2116 solum
2906 2042 3085 2116 caedi
3145 2049 3219 2116 et
3270 2043 3564 2137 rapinae.
3618 2043 3795 2118 Cato

1455 2160 1699 2235 multis
1769 2160 2009 2234 verbis
2067 2161 2473 2236 conabatur
2534 2163 3001 2257 persuadere,
3068 2169 3147 2235 ut
3200 2161 3417 2237 finem
3474 2163 3793 2238 facerent

1450 2280 1809 2354 mortibus
1861 2285 1935 2354 et
1982 2279 2273 2374 praedae,
2314 2287 2387 2355 et
2439 2288 2909 2357 remanerent
2951 2301 3204 2357 secum
3257 2284 3350 2356 ad
3398 2282 3793 2358 defenden-

1447 2400 1617 2475 dam
1674 2406 1972 2474 terram.
2010 2399 2151 2474 Sed
2188 2399 2438 2475 videns
2473 2401 2669 2495 quod
2708 2403 2907 2476 nullo
2955 2401 3248 2498 ingenio
3286 2408 3575 2496 poterat
3616 2404 3791 2477 reti-

1450 2540 1629 2595 nere
1665 2511 1738 2611 (²)
1775 2539 1924 2608 eOS,
1971 2519 2425 2594 intendentes
2458 2522 2699 2594 solum
2738 2522 3001 2616 praedae
3038 2541 3183 2596 non
3229 2521 3505 2616 virtuti,
3547 2521 3791 2596 videns

1447 2639 1779 2714 similiter
1827 2659 2084 2714 omnes
2145 2641 2747 2735 supervenientes
2808 2652 2889 2716 ut
2947 2642 3351 2738 plurimum
3415 2641 3787 2716 intendere

1445 2759 1662 2856 fugae,
1714 2759 1918 2834 omni
1968 2781 2096 2856 spe
2146 2761 2451 2856 perdita,
2500 2762 2795 2837 tandem
2845 2763 3189 2837 omnibus
3239 2764 3461 2837 rebus
3514 2772 3789 2858 quanto

1445 2880 1856 2977 diligentius
1921 2873 2156 2976 potuit
2224 2882 2298 2956 in
2362 2883 2483 2956 tali
2552 2883 3019 2958 extremitate
3081 2883 3451 2978 ordinatiS,
3504 2892 3578 2958 et
3628 2884 3787 2958 filiis

1445 3001 1972 3078 commendatis
2020 3003 2096 3075 L.
2151 3003 2441 3097 Caesari,
2478 3003 2604 3097 qui
2652 3010 2813 3079 erat
2862 3013 3185 3098 quaestor
3236 3005 3332 3078 ibi
3384 3025 3517 3100 per
3568 3004 3781 3080 fidem

1445 3121 1806 3214 amicitiae,
1869 3121 2070 3195 nullo
2139 3121 2347 3218 signo
2396 3129 2689 3199 ostenso
2749 3145 2903 3198 suae
2954 3125 3389 3220 intentioniS,
3454 3126 3662 3199 vultu
3714 3131 3786 3199 et

1446 3262 1790 3317 sermone
1838 3243 2046 3315 solito
2079 3233 2152 3334 (³)
2206 3249 2279 3316 et
2330 3245 2726 3339 tranquillo
2774 3245 2899 3319 ivit
2934 3246 3008 3320 in
3042 3265 3443 3340 cameram,
3480 3252 3553 3319 et
3588 3245 3785 3319 clan-

1442 3363 1724 3439 destine
1773 3363 2087 3457 portavit
2134 3383 2387 3439 secum
2442 3366 2710 3440 librum
2757 3366 3071 3441 Platonis
3112 3367 3604 3443 continentem
3646 3365 3785 3439 im-

1447 3484 1964 3558 mortalitatem
2011 3483 2277 3557 animae
2314 3492 2389 3559 et
2420 3485 2743 3580 gladium
2782 3485 3023 3579 simul,
3058 3488 3375 3561 alterum
3413 3508 3563 3580 quo
3599 3486 3783 3560 mori

1447 3604 1686 3697 vellet,
1737 3604 2056 3679 alterum
2110 3624 2260 3698 quo
2313 3610 2573 3700 posset.
2620 3606 2839 3679 Lecto
2890 3606 3115 3702 igitur
3166 3607 3351 3679 libro
3401 3605 3493 3679 ad
3544 3605 3785 3679 lucer-

1445 3746 1644 3817 nam,
1681 3724 2036 3818 quamdiu
2070 3724 2271 3799 visus
2322 3732 2429 3800 est
2482 3726 2615 3800 sibi
2661 3726 3019 3821 recepisse
3070 3727 3490 3801 firmitatem
3532 3725 3777 3819 animi,

1443 3844 1792 3919 subticuit
1816 3864 2116 3938 parum3
2154 3851 2330 3919 tunc
2356 3845 2606 3920 stricto
2640 3845 2904 3942 gladiO,
2934 3867 3159 3941 quem
3195 3866 3435 3941 usque
3458 3845 3550 3920 ad
3578 3846 3779 3920 illum

1440 3967 1636 4043 diem
1671 3972 2097 4040 servaverat
2129 3965 2643 4062 incorruptum
2684 3967 2778 4040 ab
2812 3966 3013 4042 omni
3047 3967 3268 4062 caede,
3314 3966 3612 4042 confixit
3652 3987 3781 4061 pe-

1441 4093 1604 4163 ctus
1653 4085 1852 4178 illud,
1907 4084 2105 4179 quod
2158 4087 2511 4181 templum
2564 4088 2989 4163 constantiae
3040 4087 3471 4181 habebatur,
3514 4086 3779 4182 duplici

1441 4208 1769 4282 vulnere.
1819 4204 2138 4279 Medicus
2191 4212 2265 4280 et
2316 4205 2709 4281 familiares
2758 4208 3049 4282 excitati
3108 4208 3355 4301 aliquo
3413 4206 3619 4303 signo
3670 4207 3779 4281 in-

1439 4332 1714 4401 trantes
1764 4346 2138 4401 cameram
2191 4328 2649 4403 conabantur
2709 4328 2941 4424 ligare
3001 4329 3333 4420 vulnera,
3397 4328 3593 4421 quod
3661 4327 3779 4403 ille

1435 4447 1798 4543 patienter
1847 4445 2261 4541 substinuit,
2300 4454 2381 4521 ut
2430 4468 2511 4521 se
2554 4447 2649 4521 ab
2691 4448 2987 4521 illorum
3040 4448 3371 4524 molestia
3408 4448 3772 4523 liberaret.

1434 4567 1605 4643 Post
1657 4588 2029 4642 recessum
2083 4588 2348 4642 eorum
2382 4556 2479 4662 (⁴),
2532 4568 2707 4663 quia
2758 4568 2947 4644 forte
2998 4588 3220 4644 omne
3280 4569 3565 4644 ferrum
3618 4575 3779 4643 erat

1433 4687 1786 4781 ablatum,
1839 4688 2018 4763 Cato
2071 4687 2391 4762 rescissis
2444 4708 2668 4763 manu
2712 4689 3142 4762 vulneribus
3193 4708 3639 4784 generosum
3693 4688 3779 4761 il-

1435 4808 1592 4881 lum
1645 4808 1977 4902 spiritum
2031 4828 2178 4881 non
2212 4814 2364 4881 tam
2400 4808 2640 4882 emisit
2674 4828 2899 4902 quam
2938 4807 3171 4902 eiecit,
3209 4814 3290 4882 ut
3342 4808 3443 4882 ait
3476 4808 3771 4883 Seneca.

1560 5002 1614 5063 (¹)
1647 5001 1708 5050 E.
1743 5007 2102 5063 pervenerant.
2120 5028 2182 5041 -
2202 5005 2312 5063 117,
2347 5006 2719 5053 convenerunt.
3040 4999 3095 5064 (²)
3129 5002 3179 5052 S.
3214 5001 3466 5051 detinere.

1563 5076 1616 5141 (⁸)
1649 5077 1712 5127 Β.
1744 5076 1897 5127 solito
1929 5078 2020 5128 ivit
2049 5077 2102 5127 in
2135 5089 2413 5127 cameram.
3046 5077 3100 5139 (⁸)
3132 5078 3195 5127 13.
3226 5075 3461 5127 illorum.
