4392 6850
1414 947 1502 1012 10
2131 956 2538 1012 commu
2586 954 3025 1010 PURGAronu

1405 1123 1555 1176 non
1605 1101 1872 1176 sufficit
1923 1100 2128 1176 vobis
2163 1120 2325 1175 esse
2359 1100 2609 1194 victas,
2644 1099 2981 1174 dabimus
3022 1100 3229 1175 vobis
3262 1101 3547 1196 peiores
3587 1119 3751 1195 poe-

1407 1243 1566 1298 nas:
1620 1229 1695 1296 et
1733 1220 2113 1314 continuo,
2150 1219 2287 1294 illis
2321 1220 2725 1296 ridentibus
2775 1229 2848 1296 et
2898 1222 3409 1317 spernentibus
3442 1219 3756 1295 commi·-

1409 1342 1736 1417 nationes
1786 1341 2125 1437 Calliope,
2168 1341 2526 1435 percussit
2576 1363 2701 1416 eas
2752 1348 2824 1418 et
2878 1343 3251 1420 maledixit
3300 1343 3375 1416 in
3426 1343 3537 1415 ira
3576 1363 3752 1436 sua3

1409 1469 1483 1536 et
1533 1461 1772 1535 subito
1822 1481 2198 1536 conversae
2251 1469 2423 1536 sunt
2472 1461 2545 1536 in
2596 1463 2815 1558 picaS,
2868 1470 2942 1537 et
2990 1463 3289 1557 antiqua
3350 1461 3755 1556 loquacitas

1409 1587 1484 1657 et
1535 1603 1760 1657 rauca
1810 1583 2207 1679 garrulitas
2256 1589 2331 1656 et
2381 1604 2659 1657 vanum
2703 1583 3027 1656 studium
3062 1583 3405 1676 loquendi
3457 1603 3753 1658 reman-

1407 1703 1499 1776 sit
1548 1702 1621 1776 in
1673 1703 1799 1778 eiS.
1853 1705 2077 1776 Musae
2128 1723 2309 1777 vero
2338 1703 2674 1777 victrices
2707 1708 3263 1798 assumpserunt
3308 1702 3441 1776 sibi
3479 1723 3753 1778 nomen

1409 1822 1797 1918 victarum,
1851 1823 2024 1917 quia
2075 1828 2355 1897 vocatae
2418 1830 2592 1896 sunt
2652 1820 2993 1915 Pierides»,
3046 1821 3237 1896 sicut
3297 1821 3463 1896 filiae
3532 1822 3752 1917 Pieri,

1407 1943 1595 2016 sicut
1645 1943 1818 2018 olim
1873 1942 2109 2037 Scipio
2163 1948 2465 2017 vocatus
2515 1949 2627 2016 est
2674 1940 3057 2016 Africanus
3106 1942 3202 2016 ab
3236 1942 3590 2028 Africanis
3622 1942 3753 2018 de-

1408 2063 1614 2137 victis
1663 2063 1756 2137 ad
1807 2068 2237 2159 perpetuam
2302 2062 2411 2137 rei
2476 2061 2915 2136 memoriam
2966 2067 3042 2136 et
3089 2060 3423 2157 gloriam.
3476 2061 3753 2137 Fabula

1403 2182 1728 2258 breviter
1779 2189 2221 2275 transcursa,
2265 2202 2461 2256 nunc
2502 2182 2826 2255 breviter
2874 2181 3255 2255 videamus
3288 2181 3483 2256 circa
3522 2181 3751 2276 ipsam

1403 2303 1678 2397 aliquid
1707 2302 2215 2398 allegoricum,
2242 2302 2591 2396 quoniam
2628 2301 2763 2390 iva
2798 2309 2909 2376 est
2940 2300 3135 2376 fictio
3159 2302 3483 2397 jocunda
3519 2302 3752 2378 valde.

1404 2423 1579 2497 Dico
1615 2443 1795 2519 ergo
1844 2423 2080 2518 primo
2133 2422 2334 2517 quod
2384 2424 2763 2518 Pyreneus
2812 2429 2924 2498 est
2972 2423 3359 2516 superbus,
3400 2423 3757 2498 violentus

1409 2543 1536 2637 qui
1587 2541 1877 2618 videtur
1926 2542 2295 2617 interdum
2344 2541 2755 2636 admittere,
2804 2542 3049 2617 colere
3082 2549 3158 2618 et
3190 2544 3558 2618 honorare
3595 2544 3758 2616 Mu-

1411 2683 1530 2737 sas
1598 2661 1787 2735 intra
1849 2661 2154 2736 domum
2224 2681 2438 2734 suam
2504 2661 2847 2735 simulate
2911 2662 3245 2737 babendo
3306 2669 3381 2737 et
3448 2661 3757 2757 legendo

1413 2782 1636 2859 libros
1687 2781 1958 2855 multos
2007 2789 2082 2855 et
2133 2781 2424 2876 pulcros
2474 2789 2887 2876 poetarum,
2926 2803 3071 2857 non
3103 2783 3197 2856 ad
3250 2803 3469 2856 usum
3522 2783 3757 2858 virtu-

1412 2909 1599 2994 tum,
1625 2901 1750 2976 sed
1786 2901 2248 2995 voluptatum
2284 2922 2632 2996 suarum3
2666 2901 2831 2976 ideo
2865 2902 3053 2977 bene
3087 2902 3351 2977 dicitur
3385 2901 3572 2977 velle
3598 2903 3756 2976 vio-

1413 3022 1571 3096 lare
1621 3022 1882 3114 MusaS,
1935 3020 2122 3094 sicut
2171 3022 2366 3095 Nero
2418 3021 2545 3114 qui
2602 3021 3025 3115 aliquandiu
3056 3015 3128 3114 (¹)
3191 3021 3387 3096 dedit
3450 3041 3751 3116 operam

1417 3141 1660 3234 Musis,
1714 3149 1789 3215 et
1837 3140 2229 3235 aliquando
2282 3147 2621 3235 poemata
2662 3140 2980 3236 scripsit3
3026 3141 3153 3216 sed
3192 3144 3431 3216 Musas
3479 3149 3555 3216 et
3590 3164 3757 3215 mu-

1413 3260 1638 3334 sicam
1693 3267 1766 3334 et
1816 3266 2114 3334 cantum
2169 3267 2245 3334 et
2294 3260 2789 3354 eloquentiam
2830 3261 3191 3336 convertit
3242 3262 3315 3335 in
3368 3283 3589 3336 usum
3625 3261 3759 3336 ob·-

1421 3381 1859 3455 scenitatum
1913 3400 2246 3475 suarum,
2282 3380 2599 3475 quando,
2648 3388 2933 3457 mutato
2982 3382 3260 3476 habitu,
3302 3381 3759 3457 discurrebat

1415 3522 1548 3597 per
1598 3501 1843 3575 omnia
1896 3500 2277 3596 lupanaria
2317 3501 2594 3596 Romae,
2630 3508 2706 3576 et
2739 3524 2913 3577 cum
2952 3502 3463 3578 meretricibus
3511 3503 3753 3598 dispu-

1413 3622 1616 3696 tabat
1662 3622 1756 3696 de
1803 3621 2005 3696 omni
2058 3640 2335 3719 genere
2385 3624 2847 3717 voluptatum
2902 3642 3173 3697 vocans
3208 3622 3363 3696 illas
3406 3622 3762 3697 commili-

1414 3748 1624 3817 tunes
1675 3763 1872 3837 suoS,
1923 3748 1997 3816 et
2047 3741 2360 3817 suadens
2416 3749 2497 3815 ut
2546 3742 2735 3817 bene
2794 3751 3178 3838 sperarent
3226 3744 3399 3837 quia
3452 3744 3555 3817 eis
3615 3764 3761 3819 non

1413 3868 1701 3958 poterat
1752 3862 2088 3956 deficere,
2142 3862 2436 3937 vivente
2482 3863 2795 3937 Nerone.
2852 3864 2938 3936 Et
2973 3861 3318 3937 Galienus
3360 3864 3761 3958 imperator

1413 3988 1754 4077 poemate
1803 3982 2068 4076 claruS,
2120 3982 2247 4056 sed
2299 3982 2613 4056 foedatus
2663 3984 2865 4056 omni
2917 3983 3173 4058 vitiosa
3225 3984 3539 4079 libidine,
3584 4006 3755 4061 cum

1413 4102 1531 4177 alii
1569 4109 1805 4197 poetae
1839 4101 2175 4177 fecissent
2210 4102 2671 4197 epithalamia
2708 4124 2932 4198 super
2975 4104 3263 4200 nuptias
3302 4106 3582 4199 nepotis
3620 4105 3759 4200 sui,

1413 4221 1581 4297 fecit
1617 4222 1768 4317 ipse
1803 4222 2379 4317 epithalamium,
2417 4222 2602 4315 idest
2636 4244 2938 4298 carmen
2976 4226 3296 4320 nuptiale
3334 4225 3547 4300 valde
3581 4225 3758 4300 sub-

1411 4342 1558 4434 tile,
1611 4342 1738 4417 sed
1789 4342 1864 4416 in
1933 4343 2239 4417 materia
2307 4342 2711 4437 inhonesta,
2775 4343 3067 4419 dicens:
3132 4350 3235 4419 Ite
3298 4348 3505 4419 simul
3556 4351 3761 4438 pueri

1406 4466 1684 4556 paricer
1729 4465 1976 4537 sudate
2025 4467 2337 4537 medullis
2398 4464 2727 4537 Omnibus
2776 4469 2955 4538 inter
3006 4485 3175 4558 vos-,-
3226 4487 3350 4539 nec
3392 4488 3760 4541 murmura

1414 4590 1650 4656 vestra
1699 4584 2057 4675 columbae,
2117 4586 2419 4658 Brachia
2444 4618 2453 4629 ·
2481 4604 2625 4657 non
2688 4586 2959 4659 hederoe
3020 4606 3144 4657 nec
3196 4588 3477 4675 vincant
3521 4592 3759 4661 oscula

1412 4704 1710 4775 conchoe.
1765 4703 1906 4778 Sed
1955 4706 2177 4778 Musae
2230 4706 2521 4779 evolant
2574 4712 2647 4779 et
2696 4705 3042 4797 evadunt,
3078 4705 3251 4800 quia
3302 4706 3599 4781 scientia
3650 4716 3761 4783 est

1412 4821 1866 4917 inviolabiliS,
1918 4830 2002 4896 ut
2055 4825 2290 4918 inquit
2353 4825 2509 4899 ille:
2564 4829 2719 4897 Has
2768 4828 3011 4897 saltem
3058 4827 3288 4897 nultus
3332 4829 3557 4918 potuit
3590 4848 3763 4920 per-

1541 5068 1600 5134 (¹)
1633 5074 1740 5133 11⁷,
1775 5072 2050 5137 aliquando
2081 5074 2238 5125 dedit.
