4392 6850
1467 950 1610 1017 352
2195 958 2605 1014 couENTuu
2652 956 3093 1012 PURGAToml

1462 1106 1534 1179 in
1599 1108 1798 1181 hunc
1863 1104 2251 1197 mundum,
2302 1124 2352 1177 a
2412 1108 2525 1179 cui
2580 1106 2878 1197 fidonza
2938 1106 2985 1177 i’
3019 1109 3247 1193 entre,
3298 1102 3473 1198 quia
3541 1102 3809 1179 scilicet

1461 1225 1772 1301 fidenter
1821 1231 2066 1323 sperat
2115 1224 2188 1299 in
2241 1223 2476 1322 gratia
2527 1224 2683 1319 Dei,
2734 1225 2861 1319 qui
2925 1223 3255 1298 habilitat
3317 1243 3399 1298 se
3460 1224 3553 1299 ad
3612 1225 3807 1298 illam

1464 1348 1955 1442 recipiendam
1997 1366 2130 1441 per
2165 1346 2694 1441 poenitentiam,
2730 1366 2863 1439 per
2896 1348 2965 1418 lo
2998 1366 3230 1418 nuovo
3262 1350 3597 1437 commin,
3630 1346 3809 1419 idest

1465 1467 1656 1542 viam
1693 1460 1765 1559 (¹)
1821 1466 2131 1560 invidiae,
2179 1466 2392 1540 cuius
2441 1466 2829 1541 materiam
2866 1465 3167 1559 dispono
3213 1464 3499 1541 noviter
3538 1465 3809 1539 descri-

1463 1588 1667 1682 bere,
1745 1594 1816 1661 tu
1865 1608 1954 1660 ne
2001 1590 2321 1677 conduci,
2373 1606 2466 1661 ex
2504 1608 2655 1680 quo
2709 1607 2854 1660 non
2904 1585 3265 1660 habemus
3320 1585 3433 1661 hic
3482 1578 3803 1679 aliquem

1464 1710 1756 1801 ducem,
1833 1729 2026 1781 come
2071 1709 2345 1780 condar
2408 1710 2473 1780 si
2532 1710 2698 1780 vuol
2756 1710 3189 1800 quincenlro,
3249 1706 3543 1799 scilicet,
3614 1705 3801 1780 intra

1462 1830 1684 1905 istum
1741 1828 2145 1903 secundum
2211 1827 2598 1901 circulum.
2651 1828 2741 1901 Et
2806 1848 2900 1902 ne
2963 1847 3097 1901 sua
3159 1826 3413 1921 petitio
3473 1826 3806 1902 videatur

1467 1970 1655 2024 vana
1708 1948 2038 2041 ostendit,
2091 1946 2289 2040 quod
2342 1947 2607 2022 merito
2654 1947 2919 2022 debeat
2976 1966 3277 2042 sperare
3334 1934 3805 2039 conductum,

1463 2069 1733 2162 dicem,
1781 2074 1852 2141 tu
1900 2070 2125 2140 scaldi
2171 2069 2227 2139 il
2276 2069 2560 2156 mondO,
2598 2072 2976 2161 tamquam
3028 2066 3307 2161 lampas
3366 2065 3805 2159 indeficienS,

1468 2194 1540 2260 tu
1588 2188 1778 2259 εουι·1
1804 2206 1957 2258 esso
2007 2187 2166 2274 luci,
2201 2184 2450 2259 omnia
2503 2185 2943 2279 illuminanS,
2992 2192 3067 2259 et
3108 2184 3312 2259 ideo:
3356 2188 3409 2257 li
3457 2189 3555 2258 toi
3590 2188 3806 2276 rayyi

1465 2309 1600 2380 den
1650 2327 1925 2399 sempre
1964 2328 2152 2378 esser
2193 2308 2375 2396 duci,
2434 2305 2765 2379 omnium
2802 2305 3303 2379 itinerantium
3339 2326 3473 2399 per
3508 2326 3801 2380 omnem

1465 2427 1751 2519 callem,
1819 2428 2018 2498 salvo
2066 2428 2124 2497 ,ς’
2151 2428 2343 2498 altra
2393 2428 2654 2516 raqion
2714 2428 2787 2497 in
2846 2427 3213 2499 contrario
3272 2446 3418 2498 non
3484 2432 3809 2517 proma,-

1465 2552 1540 2621 et
1591 2552 1701 2619 est
1750 2544 2196 2639 pulcerrima
2252 2545 2699 2639 metaphora.
2766 2544 2969 2618 Sicut
3028 2546 3227 2621 enim
3294 2546 3403 2619 sol
3456 2544 3807 2619 sensibilis

1467 2685 1760 2760 semper
1821 2664 2180 2739 illuminat
2240 2664 2628 2758 mundum,
2690 2670 2764 2739 et
2826 2670 3076 2740 tamen
3138 2665 3507 2739 interdum
3576 2664 3809 2738 nubes

1471 2785 1584 2860 vel
1637 2784 1903 2858 nebula
1955 2784 2167 2878 eripit
2216 2784 2423 2858 nobis
2474 2791 2946 2879 conspectum
2998 2786 3198 2879 eius3
3236 2785 3335 2859 ita
3370 2786 3499 2859 lux
3547 2784 3811 2858 divinae

1469 2906 1727 3003 gratiae
1779 2924 2072 2999 semper
2121 2904 2484 2977 illuminat
2526 2926 2680 2998 008,
2718 2904 2851 2979 nisi
2904 2906 3204 2980 tenebra
3241 2907 3516 3001 peccati
3570 2906 3811 3001 privet

1469 3047 1603 3099 nos
1653 3024 1793 3099 illa.
1847 3024 1988 3098 Sed
2038 3030 2434 3117 antequam
2492 3023 2797 3099 ulterius
2860 3026 3276 3119 procedam,
3329 3027 3583 3120 lector,
3640 3026 3808 3099 nolo

1469 3146 2032 3241 praetermittere
2081 3145 2563 3238 quaestionem
2616 3144 3111 3219 difficillimam
3158 3168 3325 3241 quae
3359 3146 3598 3221 oritur
3650 3146 3806 3238 hic3

1471 3287 1706 3361 quare
1755 3266 2026 3341 scilicet
2083 3272 2299 3359 poeta
2364 3272 2613 3341 noster
2672 3274 2821 3340 tam
2876 3266 3166 3341 curiose
3225 3274 3298 3342 et
3358 3267 3637 3342 seriose
3699 3266 3811 3339 hic

1469 3393 1863 3482 pertractat
1913 3386 2005 3462 de
2055 3385 2345 3480 invidia,
2381 3386 2472 3462 de
2505 3387 2717 3462 cuius
2759 3406 2976 3482 poena
3028 3389 3304 3464 nullam
3361 3387 3811 3465 mentionem

1469 3509 1640 3583 fecit
1690 3508 1761 3581 in
1814 3508 2134 3600 inferno;
2189 3527 2325 3582 nec
2374 3509 2615 3582 minus
2651 3509 2940 3583 videtur
2973 3509 3455 3585 dubitandum
3490 3510 3583 3584 de
3620 3530 3808 3584 vana

1325 3719 1330 3724 δ
1468 3627 1725 3725 gloria,
1777 3627 1870 3701 de
1921 3648 2068 3721 qua
2121 3634 2270 3701 tam
2325 3628 2625 3724 egregie
2664 3630 2823 3725 jam
2868 3631 3208 3704 tractavit
3248 3631 3386 3724 hic,
3445 3636 3519 3704 et
3569 3629 3646 3704 in
3698 3629 3809 3702 in-

1471 3749 1679 3822 ferno
1733 3747 2021 3822 videtur
2071 3746 2369 3821 omnino
2422 3749 2873 3842 praeteriisse.
2928 3747 3035 3821 Ad
3098 3749 3309 3823 cuius
3374 3749 3577 3823 fortis
3642 3747 3807 3822 nodi

1469 3865 2014 3942 dissolutionem
2068 3873 2177 3940 est
2230 3865 2640 3960 dicendum,
2694 3868 2891 3960 quod
2942 3873 3157 3962 poeta
3204 3874 3441 3963 potest
3490 3867 3630 3942 dici
3672 3889 3808 3963 pu-

1473 3987 1663 4061 nisse
1713 3985 2054 4060 invidiam
2107 3993 2180 4060 et
2229 3986 2523 4062 inanem
2569 3987 2881 4084 gloriam
2931 3987 3006 4061 in
3056 3987 3366 4081 inferno,
3402 3987 3529 4062 sed
3570 3985 3807 4082 impli-

1469 4109 1610 4182 cite
1662 4113 1736 4182 et
1783 4108 2089 4181 occulte.
2145 4107 2644 4182 consideravit
2693 4109 2913 4202 enim,
2967 4108 3163 4202 quod
3214 4108 3361 4182 ista·
3408 4106 3557 4181 duo
3608 4107 3801 4201 vitia,

1470 4229 1638 4303 licet
1685 4227 2071 4302 videantur
2121 4227 2409 4302 diversa
2460 4235 2534 4302 et
2584 4228 2858 4302 habere
2898 4228 3226 4304 diversos
3266 4227 3572 4303 effectus
3604 4249 3653 4302 a
3686 4249 3809 4301 su-

1470 4349 1744 4444 perbia,
1781 4355 2030 4423 tamen
2080 4349 2303 4422 ambo
2352 4356 2523 4422 sunt
2555 4348 2651 4422 ab
2685 4370 2838 4424 uno
2872 4348 3112 4445 stipite
3162 4355 3251 4423 et.
3288 4350 3523 4446 magis
3562 4350 3808 4424 adhae-

1472 4469 1705 4544 rentia
1758 4469 1977 4542 matri
2030 4489 2255 4563 quam
2312 4475 2615 4562 caetera3
2660 4489 2797 4544 nec
2825 4460 2901 4561 (²)
2952 4475 3102 4544 tam
3158 4469 3475 4564 superba
3525 4480 3599 4547 et
3648 4469 3809 4543 dili-

1471 4609 1652 4684 gens
1689 4596 1926 4663 mater
1953 4596 2188 4685 potest
2223 4611 2315 4664 ex
2352 4590 2598 4683 aliqua
2624 4597 2834 4685 parte
2869 4610 2950 4665 se
2990 4597 3426 4666 convertere
3452 4591 3632 4685 quin
3686 4593 3811 4667 has

1471 4709 1655 4783 duas
1706 4709 1884 4784 filias
1935 4730 2227 4805 semper
2278 4731 2531 4784 secum
2562 4701 2637 4802 (³)
2683 4711 2945 4785 trahat.
3010 4713 3088 4784 ln
3148 4711 3578 4808 purgatorio
3628 4733 3810 4786 vero

1471 4830 1565 4905 de
1599 4831 1708 4904 his
1748 4837 2010 4905 tractat
2061 4832 2397 4927 explicite
2447 4839 2522 4905 et
2572 4839 2849 4927 aperte,
2901 4832 3074 4925 quia
3138 4832 3505 4927 duplicem
3560 4832 3811 4906 habuit

1597 5015 1651 5077 (¹)
1684 5017 1745 5066 Ε.
1781 5016 1910 5066 idest
1943 5018 1995 5066 in
2029 5019 2162 5068 viam
2195 5020 2415 5069 invidie.
2873 5018 2929 5084 (²)
2963 5021 3023 5071 E,
3056 5033 3155 5072 nec
3186 5027 3374 5071 umen,

1595 5091 1650 5154 (¹)
1683 5091 1744 5143 E.
1776 5105 1954 5144 secum
1987 5095 2189 5156 habeat,
2222 5100 2277 5147 et
2308 5095 2497 5146 trahat.
