<?xml version="1.0" encoding="UTF-8"?>
<!DOCTYPE html PUBLIC "-//W3C//DTD XHTML 1.0 Transitional//EN"
    "http://www.w3.org/TR/xhtml1/DTD/xhtml1-transitional.dtd">
<html xmlns="http://www.w3.org/1999/xhtml" xml:lang="en" lang="en">
 <head>
  <title>
</title>
<meta http-equiv="Content-Type" content="text/html;charset=utf-8" />
  <meta name='ocr-system' content='tesseract 3.04.00' />
  <meta name='ocr-capabilities' content='ocr_page ocr_carea ocr_par ocr_line ocrx_word'/>
</head>
<body>
  <div class='ocr_page' id='page_1' title='image "./comentumsuperda02unkngoog_0430.png"; bbox 0 0 4392 6850; ppageno 0'>
   <div class='ocr_carea' id='block_1_1' title="bbox 1528 953 3149 1020">
    <p class='ocr_par' dir='ltr' id='par_1_1' title="bbox 1528 953 3149 1020">
     <span class='ocr_line' id='line_1_1' title="bbox 1528 953 3149 1020; baseline -0.002 -2"><span class='ocrx_word' id='word_1_1' title='bbox 1528 953 1616 1020; x_wconf 74' lang='grc'><strong>41</strong></span> <span class='ocrx_word' id='word_1_2' title='bbox 1629 953 1670 1018; x_wconf 87' lang='grc'>0</span> <span class='ocrx_word' id='word_1_3' title='bbox 2246 960 2655 1018; x_wconf 69' lang='grc' dir='ltr'><strong>ΕΟΜΕΝΤΗΗ</strong></span> <span class='ocrx_word' id='word_1_4' title='bbox 2702 962 3149 1018; x_wconf 73' lang='lat' dir='ltr'>PURGATORH</span> 
     </span>
    </p>
   </div>
   <div class='ocr_carea' id='block_1_2' title="bbox 1511 1107 3867 4935">
    <p class='ocr_par' dir='ltr' id='par_1_2' title="bbox 1511 1107 3867 4935">
     <span class='ocr_line' id='line_1_2' title="bbox 1525 1107 3863 1206; baseline -0 -22"><span class='ocrx_word' id='word_1_5' title='bbox 1525 1131 1674 1185; x_wconf 89' lang='lat' dir='ltr'><strong>non</strong></span> <span class='ocrx_word' id='word_1_6' title='bbox 1740 1114 2116 1206; x_wconf 90' lang='lat' dir='ltr'><strong>oporteret</strong></span> <span class='ocrx_word' id='word_1_7' title='bbox 2183 1113 2360 1182; x_wconf 92' lang='lat' dir='ltr'><strong>tunc</strong></span> <span class='ocrx_word' id='word_1_8' title='bbox 2419 1107 2681 1184; x_wconf 90' lang='lat' dir='ltr'><strong>timere</strong></span> <span class='ocrx_word' id='word_1_9' title='bbox 2743 1107 3323 1184; x_wconf 80' lang='lat' dir='ltr'><strong>diminutionem.</strong></span> <span class='ocrx_word' id='word_1_10' title='bbox 3392 1109 3481 1185; x_wconf 90' lang='lat' dir='ltr'><strong>Et</strong></span> <span class='ocrx_word' id='word_1_11' title='bbox 3542 1110 3863 1206; x_wconf 81' lang='lat' dir='ltr'><strong>assignat</strong></span> 
     </span>
     <span class='ocr_line' id='line_1_3' title="bbox 1523 1224 3867 1324; baseline 0 -21"><span class='ocrx_word' id='word_1_12' title='bbox 1523 1250 1824 1306; x_wconf 88' lang='lat' dir='ltr'><strong>causam</strong></span> <span class='ocrx_word' id='word_1_13' title='bbox 1875 1229 2161 1306; x_wconf 81' lang='lat' dir='ltr'><strong>dicens:</strong></span> <span class='ocrx_word' id='word_1_14' title='bbox 2214 1224 2358 1320; x_wconf 76' lang='lat' dir='ltr'><strong>che&#39;,</strong></span> <span class='ocrx_word' id='word_1_15' title='bbox 2394 1228 2599 1324; x_wconf 87' lang='lat' dir='ltr'><strong>idest,</strong></span> <span class='ocrx_word' id='word_1_16' title='bbox 2640 1229 2839 1324; x_wconf 88' lang='lat' dir='ltr'><strong>quia,</strong></span> <span class='ocrx_word' id='word_1_17' title='bbox 2880 1233 3165 1302; x_wconf 79' lang='lat' dir='ltr'><strong>ciascun</strong></span> <span class='ocrx_word' id='word_1_18' title='bbox 3195 1232 3487 1321; x_wconf 75' lang='lat' dir='ltr'><strong>possede</strong></span> <span class='ocrx_word' id='word_1_19' title='bbox 3520 1237 3713 1304; x_wconf 77' lang='lat' dir='ltr'><strong>tanto</strong></span> <span class='ocrx_word' id='word_1_20' title='bbox 3743 1225 3867 1322; x_wconf 62' lang='lat' dir='ltr'><strong>pit}</strong></span> 
     </span>
     <span class='ocr_line' id='line_1_4' title="bbox 1519 1343 3861 1444; baseline 0 -22"><span class='ocrx_word' id='word_1_21' title='bbox 1519 1351 1598 1422; x_wconf 76' lang='lat' dir='ltr'><strong>di</strong></span> <span class='ocrx_word' id='word_1_22' title='bbox 1655 1351 1847 1442; x_wconf 82' lang='lat' dir='ltr'><strong>bene,</strong></span> <span class='ocrx_word' id='word_1_23' title='bbox 1910 1357 2171 1442; x_wconf 78' lang='lat' dir='ltr'><strong>quanto</strong></span> <span class='ocrx_word' id='word_1_24' title='bbox 2236 1353 2303 1424; x_wconf 76' lang='lat' dir='ltr'><strong>si</strong></span> <span class='ocrx_word' id='word_1_25' title='bbox 2356 1352 2529 1423; x_wconf 63' lang='lat' dir='ltr'><strong>dwe-</strong></span> <span class='ocrx_word' id='word_1_26' title='bbox 2556 1343 2681 1442; x_wconf 62' lang='lat' dir='ltr'><strong>pit}</strong></span> <span class='ocrx_word' id='word_1_27' title='bbox 2738 1357 3009 1440; x_wconf 76' lang='lat' dir='ltr'><strong>nostro,</strong></span> <span class='ocrx_word' id='word_1_28' title='bbox 3077 1348 3283 1444; x_wconf 84' lang='lat' dir='ltr'><strong>idest,</strong></span> <span class='ocrx_word' id='word_1_29' title='bbox 3348 1356 3627 1443; x_wconf 86' lang='lat' dir='ltr'><strong>quanto</strong></span> <span class='ocrx_word' id='word_1_30' title='bbox 3692 1357 3861 1424; x_wconf 89' lang='lat' dir='ltr'><strong>sunt</strong></span> 
     </span>
     <span class='ocr_line' id='line_1_5' title="bbox 1521 1461 3859 1566; baseline 0.001 -24"><span class='ocrx_word' id='word_1_31' title='bbox 1521 1469 1770 1565; x_wconf 91' lang='lat' dir='ltr'><strong>plures</strong></span> <span class='ocrx_word' id='word_1_32' title='bbox 1821 1489 2296 1566; x_wconf 88' lang='lat' dir='ltr'><strong>possessores,</strong></span> <span class='ocrx_word' id='word_1_33' title='bbox 2350 1461 2425 1561; x_wconf 66' lang='lat' dir='ltr'><strong>zi,</strong></span> <span class='ocrx_word' id='word_1_34' title='bbox 2466 1469 2648 1544; x_wconf 91' lang='lat' dir='ltr'><strong>idest</strong></span> <span class='ocrx_word' id='word_1_35' title='bbox 2698 1470 2769 1544; x_wconf 92' lang='lat' dir='ltr'><strong>in</strong></span> <span class='ocrx_word' id='word_1_36' title='bbox 2822 1471 3031 1546; x_wconf 86' lang='lat' dir='ltr'><strong>ooelo.</strong></span> <span class='ocrx_word' id='word_1_37' title='bbox 3084 1469 3255 1545; x_wconf 88' lang='lat' dir='ltr'><strong>Ideo</strong></span> <span class='ocrx_word' id='word_1_38' title='bbox 3302 1470 3615 1546; x_wconf 82' lang='lat' dir='ltr'><strong>ostendit</strong></span> <span class='ocrx_word' id='word_1_39' title='bbox 3664 1469 3859 1564; x_wconf 88' lang='lat' dir='ltr'><strong>quod</strong></span> 
     </span>
     <span class='ocr_line' id='line_1_6' title="bbox 1520 1589 3856 1687; baseline -0.001 -24"><span class='ocrx_word' id='word_1_40' title='bbox 1520 1609 1700 1664; x_wconf 82' lang='lat' dir='ltr'><strong>vera</strong></span> <span class='ocrx_word' id='word_1_41' title='bbox 1751 1596 1824 1664; x_wconf 89' lang='lat' dir='ltr'><strong>et</strong></span> <span class='ocrx_word' id='word_1_42' title='bbox 1874 1589 2195 1686; x_wconf 80' lang='lat' dir='ltr'><strong>perfecta</strong></span> <span class='ocrx_word' id='word_1_43' title='bbox 2232 1589 2497 1664; x_wconf 90' lang='lat' dir='ltr'><strong>caritas</strong></span> <span class='ocrx_word' id='word_1_44' title='bbox 2530 1589 2824 1664; x_wconf 90' lang='lat' dir='ltr'><strong>inimica</strong></span> <span class='ocrx_word' id='word_1_45' title='bbox 2857 1589 3143 1665; x_wconf 84' lang='lat' dir='ltr'><strong>invidiae</strong></span> <span class='ocrx_word' id='word_1_46' title='bbox 3180 1589 3377 1687; x_wconf 84' lang='lat' dir='ltr'><strong>viget</strong></span> <span class='ocrx_word' id='word_1_47' title='bbox 3418 1589 3536 1684; x_wconf 87' lang='lat' dir='ltr'><strong>ibi,</strong></span> <span class='ocrx_word' id='word_1_48' title='bbox 3572 1590 3856 1665; x_wconf 90' lang='lat' dir='ltr'><strong>dicens:</strong></span> 
     </span>
     <span class='ocr_line' id='line_1_7' title="bbox 1521 1705 3856 1804; baseline -0.001 -20"><span class='ocrx_word' id='word_1_49' title='bbox 1521 1732 1560 1784; x_wconf 98' lang='lat' dir='ltr'><strong>e</strong></span> <span class='ocrx_word' id='word_1_50' title='bbox 1601 1705 1726 1804; x_wconf 72' lang='lat' dir='ltr'><strong>piz&#39;t</strong></span> <span class='ocrx_word' id='word_1_51' title='bbox 1774 1714 1851 1785; x_wconf 87' lang='lat' dir='ltr'><strong>di</strong></span> <span class='ocrx_word' id='word_1_52' title='bbox 1897 1713 2189 1784; x_wconf 73' lang='lat' dir='ltr'><strong>caritaoe</strong></span> <span class='ocrx_word' id='word_1_53' title='bbox 2238 1713 2417 1784; x_wconf 86' lang='lat' dir='ltr'><strong>arde</strong></span> <span class='ocrx_word' id='word_1_54' title='bbox 2464 1713 2539 1783; x_wconf 82' lang='lat' dir='ltr'><strong>in</strong></span> <span class='ocrx_word' id='word_1_55' title='bbox 2590 1712 2749 1802; x_wconf 81' lang='lat' dir='ltr'><strong>quel</strong></span> <span class='ocrx_word' id='word_1_56' title='bbox 2801 1713 3131 1802; x_wconf 74' lang='lat' dir='ltr'><strong>chiostrO,</strong></span> <span class='ocrx_word' id='word_1_57' title='bbox 3180 1708 3472 1804; x_wconf 88' lang='lat' dir='ltr'><strong>scilicet,</strong></span> <span class='ocrx_word' id='word_1_58' title='bbox 3522 1710 3597 1784; x_wconf 90' lang='lat' dir='ltr'><strong>in</strong></span> <span class='ocrx_word' id='word_1_59' title='bbox 3650 1710 3856 1784; x_wconf 86' lang='lat' dir='ltr'><strong>coelo.</strong></span> 
     </span>
     <span class='ocr_line' id='line_1_8' title="bbox 1520 1829 3855 1926; baseline -0.001 -22"><span class='ocrx_word' id='word_1_60' title='bbox 1520 1831 1628 1904; x_wconf 83' lang='lat' dir='ltr'><strong>Ex</strong></span> <span class='ocrx_word' id='word_1_61' title='bbox 1664 1829 1815 1904; x_wconf 84' lang='lat' dir='ltr'><strong>istis</strong></span> <span class='ocrx_word' id='word_1_62' title='bbox 1847 1836 2046 1925; x_wconf 87' lang='lat' dir='ltr'><strong>patet</strong></span> <span class='ocrx_word' id='word_1_63' title='bbox 2085 1829 2257 1904; x_wconf 91' lang='lat' dir='ltr'><strong>satis</strong></span> <span class='ocrx_word' id='word_1_64' title='bbox 2289 1829 2685 1905; x_wconf 89' lang='lat' dir='ltr'><strong>declaratio</strong></span> <span class='ocrx_word' id='word_1_65' title='bbox 2728 1835 2801 1906; x_wconf 92' lang='lat' dir='ltr'><strong>et</strong></span> <span class='ocrx_word' id='word_1_66' title='bbox 2832 1830 3075 1926; x_wconf 85' lang='lat' dir='ltr'>glossa</span> <span class='ocrx_word' id='word_1_67' title='bbox 3108 1831 3296 1904; x_wconf 89' lang='lat' dir='ltr'><strong>illius</strong></span> <span class='ocrx_word' id='word_1_68' title='bbox 3338 1837 3603 1906; x_wconf 83' lang='lat' dir='ltr'><strong>textus.</strong></span> <span class='ocrx_word' id='word_1_69' title='bbox 3633 1871 3734 1884; x_wconf 91' lang='lat'><strong>—-</strong></span> <span class='ocrx_word' id='word_1_70' title='bbox 3756 1832 3855 1902; x_wconf 89' lang='lat' dir='ltr'><strong>Io.</strong></span> 
     </span>
     <span class='ocr_line' id='line_1_9' title="bbox 1521 1943 3859 2048; baseline -0.001 -22"><span class='ocrx_word' id='word_1_71' title='bbox 1521 1952 1732 2026; x_wconf 91' lang='lat' dir='ltr'><strong>Nunc</strong></span> <span class='ocrx_word' id='word_1_72' title='bbox 1781 1956 1996 2048; x_wconf 89' lang='lat' dir='ltr'><strong>poeta</strong></span> <span class='ocrx_word' id='word_1_73' title='bbox 2029 1943 2100 2044; x_wconf 79' lang='lat'><strong>(¹)</strong></span> <span class='ocrx_word' id='word_1_74' title='bbox 2155 1949 2457 2046; x_wconf 82' lang='lat' dir='ltr'><strong>Virgilio</strong></span> <span class='ocrx_word' id='word_1_75' title='bbox 2520 1956 2769 2029; x_wconf 80' lang='lat' dir='ltr'><strong>movet</strong></span> <span class='ocrx_word' id='word_1_76' title='bbox 2827 1971 3057 2026; x_wconf 91' lang='lat' dir='ltr'><strong>unam</strong></span> <span class='ocrx_word' id='word_1_77' title='bbox 3128 1951 3631 2048; x_wconf 85' lang='lat' dir='ltr'><strong>quaestionem‚</strong></span> <span class='ocrx_word' id='word_1_78' title='bbox 3693 1971 3859 2045; x_wconf 84' lang='lat' dir='ltr'><strong>quae</strong></span> 
     </span>
     <span class='ocr_line' id='line_1_10' title="bbox 1521 2069 3855 2166; baseline -0.001 -21"><span class='ocrx_word' id='word_1_79' title='bbox 1521 2070 1908 2145; x_wconf 84' lang='lat' dir='ltr'><strong>videbatur</strong></span> <span class='ocrx_word' id='word_1_80' title='bbox 1957 2070 2092 2144; x_wconf 87' lang='lat' dir='ltr'><strong>sibi</strong></span> <span class='ocrx_word' id='word_1_81' title='bbox 2143 2069 2321 2144; x_wconf 92' lang='lat' dir='ltr'><strong>oriri</strong></span> <span class='ocrx_word' id='word_1_82' title='bbox 2372 2090 2465 2144; x_wconf 86' lang='lat' dir='ltr'><strong>ex</strong></span> <span class='ocrx_word' id='word_1_83' title='bbox 2518 2069 3011 2146; x_wconf 81' lang='lat' dir='ltr'><strong>declaratione</strong></span> <span class='ocrx_word' id='word_1_84' title='bbox 3051 2070 3237 2146; x_wconf 81' lang='lat' dir='ltr'><strong>facta</strong></span> <span class='ocrx_word' id='word_1_85' title='bbox 3278 2091 3409 2166; x_wconf 90' lang='lat' dir='ltr'><strong>per</strong></span> <span class='ocrx_word' id='word_1_86' title='bbox 3454 2069 3855 2166; x_wconf 87' lang='lat' dir='ltr'><strong>Virgilium,</strong></span> 
     </span>
     <span class='ocr_line' id='line_1_11' title="bbox 1519 2185 3854 2286; baseline -0 -22"><span class='ocrx_word' id='word_1_87' title='bbox 1519 2189 1802 2266; x_wconf 90' lang='lat' dir='ltr'><strong>dicens:</strong></span> <span class='ocrx_word' id='word_1_88' title='bbox 1867 2192 2033 2264; x_wconf 82' lang='lat' dir='ltr'><strong>diss’</strong></span> <span class='ocrx_word' id='word_1_89' title='bbox 2057 2192 2128 2262; x_wconf 78' lang='lat' dir='ltr'><strong>io</strong></span> <span class='ocrx_word' id='word_1_90' title='bbox 2145 2215 2170 2263; x_wconf 92' lang='lat'><strong>.·</strong></span> <span class='ocrx_word' id='word_1_91' title='bbox 2230 2211 2363 2263; x_wconf 80' lang='lat' dir='ltr'><strong>son</strong></span> <span class='ocrx_word' id='word_1_92' title='bbox 2408 2185 2537 2283; x_wconf 65' lang='lat' dir='ltr'><strong>piei</strong></span> <span class='ocrx_word' id='word_1_93' title='bbox 2604 2193 2927 2282; x_wconf 63' lang='lat' dir='ltr'><strong>dimano,</strong></span> <span class='ocrx_word' id='word_1_94' title='bbox 2991 2189 3197 2285; x_wconf 67' lang='lat' dir='ltr'><strong>idest,</strong></span> <span class='ocrx_word' id='word_1_95' title='bbox 3256 2190 3491 2286; x_wconf 83' lang='lat' dir='ltr'><strong>magis</strong></span> <span class='ocrx_word' id='word_1_96' title='bbox 3554 2211 3854 2283; x_wconf 84' lang='lat' dir='ltr'><strong>vacuus,</strong></span> 
     </span>
     <span class='ocr_line' id='line_1_12' title="bbox 1516 2310 3855 2405; baseline 0 -20"><span class='ocrx_word' id='word_1_97' title='bbox 1516 2312 1802 2386; x_wconf 82' lang='lat' dir='ltr'><strong>d’esser</strong></span> <span class='ocrx_word' id='word_1_98' title='bbox 1847 2317 2191 2402; x_wconf 69' lang='lat' dir='ltr'><strong>conterno,</strong></span> <span class='ocrx_word' id='word_1_99' title='bbox 2244 2310 2452 2405; x_wconf 89' lang='lat' dir='ltr'><strong>quasi</strong></span> <span class='ocrx_word' id='word_1_100' title='bbox 2504 2310 2733 2386; x_wconf 88' lang='lat' dir='ltr'><strong>dicat:</strong></span> <span class='ocrx_word' id='word_1_101' title='bbox 2786 2331 2955 2385; x_wconf 89' lang='lat' dir='ltr'><strong>sum</strong></span> <span class='ocrx_word' id='word_1_102' title='bbox 3017 2311 3263 2385; x_wconf 90' lang='lat' dir='ltr'><strong>minus</strong></span> <span class='ocrx_word' id='word_1_103' title='bbox 3324 2317 3717 2386; x_wconf 90' lang='lat' dir='ltr'><strong>contentus</strong></span> <span class='ocrx_word' id='word_1_104' title='bbox 3766 2333 3855 2386; x_wconf 84' lang='lat' dir='ltr'><strong>ex</strong></span> 
     </span>
     <span class='ocr_line' id='line_1_13' title="bbox 1517 2431 3855 2527; baseline 0 -21"><span class='ocrx_word' id='word_1_105' title='bbox 1517 2431 1987 2527; x_wconf 83' lang='lat' dir='ltr'><strong>responsione</strong></span> <span class='ocrx_word' id='word_1_106' title='bbox 2021 2436 2173 2525; x_wconf 89' lang='lat' dir='ltr'><strong>tua,</strong></span> <span class='ocrx_word' id='word_1_107' title='bbox 2209 2433 2329 2504; x_wconf 75' lang='lat' dir='ltr'><strong>elie</strong></span> <span class='ocrx_word' id='word_1_108' title='bbox 2360 2434 2504 2504; x_wconf 85' lang='lat' dir='ltr'><strong>s&#39;io</strong></span> <span class='ocrx_word' id='word_1_109' title='bbox 2538 2434 2635 2504; x_wconf 81' lang='lat' dir='ltr'><strong>mi</strong></span> <span class='ocrx_word' id='word_1_110' title='bbox 2659 2434 2849 2525; x_wconf 81' lang='lat' dir='ltr'><strong>fosse</strong></span> <span class='ocrx_word' id='word_1_111' title='bbox 2869 2435 3045 2525; x_wconf 81' lang='lat' dir='ltr'><strong>pria</strong></span> <span class='ocrx_word' id='word_1_112' title='bbox 3076 2435 3357 2523; x_wconf 58' lang='lat' dir='ltr'><strong>tamaro,</strong></span> <span class='ocrx_word' id='word_1_113' title='bbox 3382 2433 3591 2526; x_wconf 60' lang='lat' dir='ltr'><strong>idest,</strong></span> <span class='ocrx_word' id='word_1_114' title='bbox 3630 2453 3855 2527; x_wconf 90' lang='lat' dir='ltr'><strong>quam</strong></span> 
     </span>
     <span class='ocr_line' id='line_1_14' title="bbox 1515 2551 3854 2651; baseline 0.001 -26"><span class='ocrx_word' id='word_1_115' title='bbox 1515 2551 1575 2625; x_wconf 91' lang='lat' dir='ltr'><strong>si</strong></span> <span class='ocrx_word' id='word_1_116' title='bbox 1625 2572 1773 2627; x_wconf 90' lang='lat' dir='ltr'><strong>non</strong></span> <span class='ocrx_word' id='word_1_117' title='bbox 1826 2551 2221 2627; x_wconf 87' lang='lat' dir='ltr'><strong>movissem</strong></span> <span class='ocrx_word' id='word_1_118' title='bbox 2280 2552 2404 2626; x_wconf 90' lang='lat' dir='ltr'><strong>tibi</strong></span> <span class='ocrx_word' id='word_1_119' title='bbox 2466 2551 2819 2647; x_wconf 85' lang='lat' dir='ltr'><strong>dubium3</strong></span> <span class='ocrx_word' id='word_1_120' title='bbox 2873 2553 3048 2646; x_wconf 91' lang='lat' dir='ltr'><strong>quia</strong></span> <span class='ocrx_word' id='word_1_121' title='bbox 3108 2552 3342 2628; x_wconf 81' lang='lat' dir='ltr'><strong>sactus</strong></span> <span class='ocrx_word' id='word_1_122' title='bbox 3390 2575 3557 2628; x_wconf 88' lang='lat' dir='ltr'><strong>sum</strong></span> <span class='ocrx_word' id='word_1_123' title='bbox 3622 2553 3854 2651; x_wconf 89' lang='lat' dir='ltr'><strong>magis</strong></span> 
     </span>
     <span class='ocr_line' id='line_1_15' title="bbox 1516 2669 3862 2768; baseline 0 -20"><span class='ocrx_word' id='word_1_124' title='bbox 1516 2673 1784 2748; x_wconf 90' lang='lat' dir='ltr'><strong>dubius</strong></span> <span class='ocrx_word' id='word_1_125' title='bbox 1833 2693 2060 2767; x_wconf 90' lang='lat' dir='ltr'><strong>quam</strong></span> <span class='ocrx_word' id='word_1_126' title='bbox 2113 2678 2361 2748; x_wconf 89' lang='lat' dir='ltr'><strong>certus</strong></span> <span class='ocrx_word' id='word_1_127' title='bbox 2412 2693 2505 2748; x_wconf 86' lang='lat' dir='ltr'><strong>ex</strong></span> <span class='ocrx_word' id='word_1_128' title='bbox 2558 2672 2801 2748; x_wconf 85' lang='lat' dir='ltr'><strong>verbis</strong></span> <span class='ocrx_word' id='word_1_129' title='bbox 2850 2673 3016 2747; x_wconf 74' lang='lat' dir='ltr'><strong>tuis,</strong></span> <span class='ocrx_word' id='word_1_130' title='bbox 3070 2674 3275 2749; x_wconf 89' lang='lat' dir='ltr'><strong>Unde</strong></span> <span class='ocrx_word' id='word_1_131' title='bbox 3321 2673 3531 2748; x_wconf 89' lang='lat' dir='ltr'><strong>dicit:</strong></span> <span class='ocrx_word' id='word_1_132' title='bbox 3567 2696 3606 2747; x_wconf 93' lang='lat' dir='ltr'><strong>e</strong></span> <span class='ocrx_word' id='word_1_133' title='bbox 3626 2669 3755 2768; x_wconf 61' lang='lat' dir='ltr'><strong>pit)</strong></span> <span class='ocrx_word' id='word_1_134' title='bbox 3788 2677 3862 2748; x_wconf 83' lang='lat' dir='ltr'><strong>di</strong></span> 
     </span>
     <span class='ocr_line' id='line_1_16' title="bbox 1519 2794 3859 2889; baseline 0.001 -21"><span class='ocrx_word' id='word_1_135' title='bbox 1519 2795 1770 2868; x_wconf 80' lang='lat' dir='ltr'><strong>dubbio</strong></span> <span class='ocrx_word' id='word_1_136' title='bbox 1801 2797 1987 2869; x_wconf 80' lang='lat' dir='ltr'><strong>nella</strong></span> <span class='ocrx_word' id='word_1_137' title='bbox 2019 2800 2241 2868; x_wconf 80' lang='lat' dir='ltr'><strong>mente</strong></span> <span class='ocrx_word' id='word_1_138' title='bbox 2286 2796 2574 2888; x_wconf 82' lang='lat' dir='ltr'><strong>aduno;</strong></span> <span class='ocrx_word' id='word_1_139' title='bbox 2626 2800 2701 2869; x_wconf 90' lang='lat' dir='ltr'><strong>et</strong></span> <span class='ocrx_word' id='word_1_140' title='bbox 2752 2814 2925 2870; x_wconf 90' lang='lat' dir='ltr'><strong>ecce</strong></span> <span class='ocrx_word' id='word_1_141' title='bbox 2973 2794 3383 2889; x_wconf 86' lang='lat' dir='ltr'><strong>quomodo:</strong></span> <span class='ocrx_word' id='word_1_142' title='bbox 3433 2817 3625 2870; x_wconf 85' lang='lat' dir='ltr'><strong>come</strong></span> <span class='ocrx_word' id='word_1_143' title='bbox 3654 2805 3859 2889; x_wconf 81' lang='lat' dir='ltr'><strong>puote</strong></span> 
     </span>
     <span class='ocr_line' id='line_1_17' title="bbox 1517 2910 3858 3010; baseline 0 -20"><span class='ocrx_word' id='word_1_144' title='bbox 1517 2937 1706 2990; x_wconf 79' lang='lat' dir='ltr'><strong>esser</strong></span> <span class='ocrx_word' id='word_1_145' title='bbox 1754 2918 1857 2989; x_wconf 63' lang='grc' dir='ltr'><strong>αι’</strong></span> <span class='ocrx_word' id='word_1_146' title='bbox 1881 2935 1976 2988; x_wconf 81' lang='lat' dir='ltr'><strong>un</strong></span> <span class='ocrx_word' id='word_1_147' title='bbox 2027 2915 2156 2988; x_wconf 83' lang='lat' dir='ltr'><strong>ben</strong></span> <span class='ocrx_word' id='word_1_148' title='bbox 2205 2915 2565 2990; x_wconf 61' lang='lat' dir='ltr'><strong>distributo</strong></span> <span class='ocrx_word' id='word_1_149' title='bbox 2612 2918 2689 2990; x_wconf 80' lang='lat' dir='ltr'><strong>in</strong></span> <span class='ocrx_word' id='word_1_150' title='bbox 2718 2910 2841 3008; x_wconf 63' lang='lat' dir='ltr'><strong>pia&gt;</strong></span> <span class='ocrx_word' id='word_1_151' title='bbox 2864 2917 3262 3008; x_wconf 80' lang='lat' dir='ltr'><strong>posseditor</strong></span> <span class='ocrx_word' id='word_1_152' title='bbox 3298 2919 3531 3010; x_wconf 81' lang='lat' dir='ltr'><strong>faceia</strong></span> <span class='ocrx_word' id='word_1_153' title='bbox 3564 2911 3689 3009; x_wconf 64' lang='lat' dir='ltr'><strong>pi&amp;</strong></span> <span class='ocrx_word' id='word_1_154' title='bbox 3716 2919 3858 2990; x_wconf 77' lang='lat' dir='ltr'><strong>ric-</strong></span> 
     </span>
     <span class='ocr_line' id='line_1_18' title="bbox 1517 3028 3853 3132; baseline 0 -22"><span class='ocrx_word' id='word_1_155' title='bbox 1517 3037 1628 3110; x_wconf 75' lang='lat' dir='ltr'><strong>chi</strong></span> <span class='ocrx_word' id='word_1_156' title='bbox 1674 3038 1750 3109; x_wconf 85' lang='lat' dir='ltr'><strong>di</strong></span> <span class='ocrx_word' id='word_1_157' title='bbox 1795 3055 1896 3126; x_wconf 83' lang='lat' dir='ltr'><strong>se,</strong></span> <span class='ocrx_word' id='word_1_158' title='bbox 1946 3037 2068 3108; x_wconf 74' lang='lat' dir='ltr'><strong>che</strong></span> <span class='ocrx_word' id='word_1_159' title='bbox 2113 3055 2188 3108; x_wconf 81' lang='lat' dir='ltr'><strong>se</strong></span> <span class='ocrx_word' id='word_1_160' title='bbox 2236 3037 2335 3108; x_wconf 84' lang='lat' dir='ltr'><strong>da</strong></span> <span class='ocrx_word' id='word_1_161' title='bbox 2362 3037 2569 3127; x_wconf 71' lang='lat' dir='ltr'><strong>pochi</strong></span> <span class='ocrx_word' id='word_1_162' title='bbox 2599 3028 2642 3107; x_wconf 66' lang='lat' dir='ltr'><strong>e*</strong></span> <span class='ocrx_word' id='word_1_163' title='bbox 2661 3038 3084 3127; x_wconf 68' lang='lat' dir='ltr'><strong>possedero?</strong></span> <span class='ocrx_word' id='word_1_164' title='bbox 3114 3035 3363 3111; x_wconf 84' lang='lat' dir='ltr'><strong>Gratia</strong></span> <span class='ocrx_word' id='word_1_165' title='bbox 3404 3036 3762 3132; x_wconf 83' lang='lat' dir='ltr'><strong>exempli:</strong></span> <span class='ocrx_word' id='word_1_166' title='bbox 3798 3036 3853 3110; x_wconf 91' lang='lat' dir='ltr'><strong>si</strong></span> 
     </span>
     <span class='ocr_line' id='line_1_19' title="bbox 1517 3153 3856 3250; baseline 0.002 -22"><span class='ocrx_word' id='word_1_167' title='bbox 1517 3155 1758 3230; x_wconf 86' lang='lat' dir='ltr'><strong>habeo</strong></span> <span class='ocrx_word' id='word_1_168' title='bbox 1809 3174 2073 3249; x_wconf 87' lang='lat' dir='ltr'><strong>panem</strong></span> <span class='ocrx_word' id='word_1_169' title='bbox 2126 3153 2245 3228; x_wconf 83' lang='lat' dir='ltr'><strong>vel</strong></span> <span class='ocrx_word' id='word_1_170' title='bbox 2294 3174 2599 3250; x_wconf 88' lang='lat' dir='ltr'><strong>pomum</strong></span> <span class='ocrx_word' id='word_1_171' title='bbox 2644 3175 2922 3248; x_wconf 89' lang='lat' dir='ltr'><strong>meum,</strong></span> <span class='ocrx_word' id='word_1_172' title='bbox 2950 3161 3023 3230; x_wconf 88' lang='lat' dir='ltr'><strong>et</strong></span> <span class='ocrx_word' id='word_1_173' title='bbox 3064 3155 3303 3248; x_wconf 90' lang='lat' dir='ltr'><strong>ipsum</strong></span> <span class='ocrx_word' id='word_1_174' title='bbox 3340 3155 3582 3230; x_wconf 88' lang='lat' dir='ltr'><strong>divido</strong></span> <span class='ocrx_word' id='word_1_175' title='bbox 3616 3157 3691 3230; x_wconf 89' lang='lat' dir='ltr'><strong>in</strong></span> <span class='ocrx_word' id='word_1_176' title='bbox 3732 3156 3856 3232; x_wconf 91' lang='lat' dir='ltr'><strong>de-</strong></span> 
     </span>
     <span class='ocr_line' id='line_1_20' title="bbox 1519 3273 3847 3373; baseline 0.001 -23"><span class='ocrx_word' id='word_1_177' title='bbox 1519 3295 1682 3350; x_wconf 89' lang='lat' dir='ltr'><strong>cem</strong></span> <span class='ocrx_word' id='word_1_178' title='bbox 1737 3283 1982 3370; x_wconf 87' lang='lat' dir='ltr'><strong>partes</strong></span> <span class='ocrx_word' id='word_1_179' title='bbox 2013 3282 2090 3349; x_wconf 91' lang='lat' dir='ltr'><strong>et</strong></span> <span class='ocrx_word' id='word_1_180' title='bbox 2120 3274 2478 3348; x_wconf 85' lang='lat' dir='ltr'><strong>distribuo</strong></span> <span class='ocrx_word' id='word_1_181' title='bbox 2512 3274 2702 3350; x_wconf 90' lang='lat' dir='ltr'><strong>inter</strong></span> <span class='ocrx_word' id='word_1_182' title='bbox 2734 3273 2991 3350; x_wconf 92' lang='lat' dir='ltr'><strong>decem</strong></span> <span class='ocrx_word' id='word_1_183' title='bbox 3029 3275 3381 3370; x_wconf 55' lang='lat' dir='ltr'><strong>homines</strong></span> <span class='ocrx_word' id='word_1_184' title='bbox 3428 3296 3671 3352; x_wconf 89' lang='lat' dir='ltr'><strong>nonne</strong></span> <span class='ocrx_word' id='word_1_185' title='bbox 3710 3297 3847 3373; x_wconf 86' lang='lat' dir='ltr'><strong>ego</strong></span> 
     </span>
     <span class='ocr_line' id='line_1_21' title="bbox 1517 3389 3849 3493; baseline 0 -22"><span class='ocrx_word' id='word_1_186' title='bbox 1517 3395 1615 3472; x_wconf 86' lang='lat' dir='ltr'><strong>fio</strong></span> <span class='ocrx_word' id='word_1_187' title='bbox 1665 3395 2084 3493; x_wconf 88' lang='lat' dir='ltr'><strong>pauperior,</strong></span> <span class='ocrx_word' id='word_1_188' title='bbox 2135 3403 2211 3472; x_wconf 88' lang='lat' dir='ltr'><strong>et</strong></span> <span class='ocrx_word' id='word_1_189' title='bbox 2262 3415 2380 3471; x_wconf 74' lang='lat' dir='ltr'><strong>res</strong></span> <span class='ocrx_word' id='word_1_190' title='bbox 2415 3415 2546 3492; x_wconf 86' lang='lat' dir='ltr'><strong>per</strong></span> <span class='ocrx_word' id='word_1_191' title='bbox 2581 3395 3045 3493; x_wconf 87' lang='lat' dir='ltr'><strong>partitionem</strong></span> <span class='ocrx_word' id='word_1_192' title='bbox 3098 3395 3395 3493; x_wconf 88' lang='lat' dir='ltr'><strong>suscipit</strong></span> <span class='ocrx_word' id='word_1_193' title='bbox 3426 3389 3500 3491; x_wconf 83' lang='lat'><strong>(²)</strong></span> <span class='ocrx_word' id='word_1_194' title='bbox 3534 3397 3849 3472; x_wconf 86' lang='lat' dir='ltr'><strong>diminu-</strong></span> 
     </span>
     <span class='ocr_line' id='line_1_22' title="bbox 1517 3517 3849 3616; baseline 0 -23"><span class='ocrx_word' id='word_1_195' title='bbox 1517 3518 1790 3594; x_wconf 90' lang='lat' dir='ltr'><strong>tionem</strong></span> <span class='ocrx_word' id='word_1_196' title='bbox 1813 3522 1846 3591; x_wconf 68' lang='grc' dir='ltr'>Τ</span> <span class='ocrx_word' id='word_1_197' title='bbox 1867 3558 1968 3572; x_wconf 91' lang='grc'>-</span> <span class='ocrx_word' id='word_1_198' title='bbox 1993 3523 2084 3591; x_wconf 79' lang='lat' dir='ltr'><strong>Et</strong></span> <span class='ocrx_word' id='word_1_199' title='bbox 2127 3519 2259 3591; x_wconf 81' lang='lat' dir='ltr'><strong>elli.</strong></span> <span class='ocrx_word' id='word_1_200' title='bbox 2312 3517 2443 3593; x_wconf 88' lang='lat' dir='ltr'><strong>Hic</strong></span> <span class='ocrx_word' id='word_1_201' title='bbox 2493 3522 2707 3613; x_wconf 90' lang='lat' dir='ltr'><strong>poeta</strong></span> <span class='ocrx_word' id='word_1_202' title='bbox 2742 3517 2943 3612; x_wconf 89' lang='lat' dir='ltr'><strong>ponit</strong></span> <span class='ocrx_word' id='word_1_203' title='bbox 2980 3518 3526 3613; x_wconf 87' lang='lat' dir='ltr'><strong>responsionem</strong></span> <span class='ocrx_word' id='word_1_204' title='bbox 3554 3519 3849 3616; x_wconf 86' lang='lat' dir='ltr'><strong>Virgilii,</strong></span> 
     </span>
     <span class='ocr_line' id='line_1_23' title="bbox 1517 3636 3855 3735; baseline 0 -23"><span class='ocrx_word' id='word_1_205' title='bbox 1517 3637 1642 3734; x_wconf 89' lang='lat' dir='ltr'><strong>qui</strong></span> <span class='ocrx_word' id='word_1_206' title='bbox 1693 3637 1934 3734; x_wconf 92' lang='lat' dir='ltr'><strong>primo</strong></span> <span class='ocrx_word' id='word_1_207' title='bbox 1981 3638 2301 3735; x_wconf 89' lang='lat' dir='ltr'><strong>assignat</strong></span> <span class='ocrx_word' id='word_1_208' title='bbox 2351 3657 2654 3713; x_wconf 90' lang='lat' dir='ltr'><strong>causam</strong></span> <span class='ocrx_word' id='word_1_209' title='bbox 2706 3636 2927 3711; x_wconf 89' lang='lat' dir='ltr'><strong>huius</strong></span> <span class='ocrx_word' id='word_1_210' title='bbox 2974 3636 3463 3713; x_wconf 90' lang='lat' dir='ltr'><strong>dubitationis.</strong></span> <span class='ocrx_word' id='word_1_211' title='bbox 3507 3639 3711 3715; x_wconf 85' lang='lat' dir='ltr'><strong>Unde</strong></span> <span class='ocrx_word' id='word_1_212' title='bbox 3745 3639 3855 3713; x_wconf 92' lang='lat' dir='ltr'><strong>di-</strong></span> 
     </span>
     <span class='ocr_line' id='line_1_24' title="bbox 1517 3754 3853 3854; baseline -0.001 -21"><span class='ocrx_word' id='word_1_213' title='bbox 1517 3755 1654 3833; x_wconf 89' lang='lat' dir='ltr'><strong>cit:</strong></span> <span class='ocrx_word' id='word_1_214' title='bbox 1691 3763 1780 3831; x_wconf 83' lang='lat' dir='ltr'><strong>Et</strong></span> <span class='ocrx_word' id='word_1_215' title='bbox 1806 3760 1922 3831; x_wconf 79' lang='lat' dir='ltr'><strong>elli</strong></span> <span class='ocrx_word' id='word_1_216' title='bbox 1951 3778 2000 3830; x_wconf 89' lang='lat' dir='ltr'><em>a</em></span> <span class='ocrx_word' id='word_1_217' title='bbox 2033 3778 2165 3849; x_wconf 91' lang='lat' dir='ltr'><strong>me,</strong></span> <span class='ocrx_word' id='word_1_218' title='bbox 2205 3758 2483 3852; x_wconf 88' lang='lat' dir='ltr'><strong>supple,</strong></span> <span class='ocrx_word' id='word_1_219' title='bbox 2535 3756 2889 3854; x_wconf 84' lang='lat' dir='ltr'><strong>Virgilius·</strong></span> <span class='ocrx_word' id='word_1_220' title='bbox 2921 3756 3138 3831; x_wconf 83' lang='lat' dir='ltr'><strong>dixit:</strong></span> <span class='ocrx_word' id='word_1_221' title='bbox 3168 3754 3508 3851; x_wconf 70' lang='lat' dir='ltr'><strong>per-ocche*</strong></span> <span class='ocrx_word' id='word_1_222' title='bbox 3550 3768 3621 3831; x_wconf 77' lang='lat' dir='ltr'><strong>tu</strong></span> <span class='ocrx_word' id='word_1_223' title='bbox 3668 3761 3853 3851; x_wconf 58' lang='lat' dir='ltr'><strong>vific-</strong></span> 
     </span>
     <span class='ocr_line' id='line_1_25' title="bbox 1515 3876 3851 3972; baseline 0.001 -21"><span class='ocrx_word' id='word_1_224' title='bbox 1515 3880 1625 3952; x_wconf 75' lang='lat' dir='ltr'><strong>chi</strong></span> <span class='ocrx_word' id='word_1_225' title='bbox 1654 3880 1729 3951; x_wconf 79' lang='lat' dir='ltr'><strong>la</strong></span> <span class='ocrx_word' id='word_1_226' title='bbox 1763 3884 2005 3968; x_wconf 73' lang='lat' dir='ltr'><strong>menoe,</strong></span> <span class='ocrx_word' id='word_1_227' title='bbox 2039 3876 2247 3972; x_wconf 88' lang='lat' dir='ltr'><strong>idest,</strong></span> <span class='ocrx_word' id='word_1_228' title='bbox 2282 3876 2455 3972; x_wconf 90' lang='lat' dir='ltr'><strong>quia</strong></span> <span class='ocrx_word' id='word_1_229' title='bbox 2491 3881 2568 3951; x_wconf 91' lang='lat' dir='ltr'><strong>tu</strong></span> <span class='ocrx_word' id='word_1_230' title='bbox 2610 3876 2921 3952; x_wconf 84' lang='lat' dir='ltr'><strong>reflectis</strong></span> <span class='ocrx_word' id='word_1_231' title='bbox 2954 3878 3607 3953; x_wconf 88' lang='lat' dir='ltr'><strong>considerationem</strong></span> <span class='ocrx_word' id='word_1_232' title='bbox 3646 3900 3851 3955; x_wconf 90' lang='lat' dir='ltr'><strong>men-</strong></span> 
     </span>
     <span class='ocr_line' id='line_1_26' title="bbox 1517 3990 3850 4095; baseline 0 -22"><span class='ocrx_word' id='word_1_233' title='bbox 1517 3998 1628 4093; x_wconf 89' lang='lat' dir='ltr'><strong>tis,</strong></span> <span class='ocrx_word' id='word_1_234' title='bbox 1657 4019 1837 4093; x_wconf 82' lang='lat' dir='ltr'><strong>pure</strong></span> <span class='ocrx_word' id='word_1_235' title='bbox 1869 4000 2005 4071; x_wconf 81' lang='lat' dir='ltr'><strong>alle</strong></span> <span class='ocrx_word' id='word_1_236' title='bbox 2035 4018 2190 4071; x_wconf 86' lang='lat' dir='ltr'><strong>cose</strong></span> <span class='ocrx_word' id='word_1_237' title='bbox 2240 4006 2538 4089; x_wconf 81' lang='lat' dir='ltr'><strong>terrene,</strong></span> <span class='ocrx_word' id='word_1_238' title='bbox 2575 4018 2743 4091; x_wconf 85' lang='lat' dir='ltr'><strong>quae</strong></span> <span class='ocrx_word' id='word_1_239' title='bbox 2792 4018 2877 4071; x_wconf 91' lang='lat' dir='ltr'><strong>su</strong></span> <span class='ocrx_word' id='word_1_240' title='bbox 2885 4004 2963 4072; x_wconf 90' lang='lat' dir='ltr'><strong>nt</strong></span> <span class='ocrx_word' id='word_1_241' title='bbox 3012 3999 3419 4095; x_wconf 89' lang='lat' dir='ltr'><strong>corporalia</strong></span> <span class='ocrx_word' id='word_1_242' title='bbox 3448 3990 3548 4093; x_wconf 82' lang='lat'>(³),</span> <span class='ocrx_word' id='word_1_243' title='bbox 3600 4002 3850 4093; x_wconf 72' lang='lat' dir='ltr'><strong>dt&#39;spie-</strong></span> 
     </span>
     <span class='ocr_line' id='line_1_27' title="bbox 1514 4108 3847 4213; baseline 0 -21"><span class='ocrx_word' id='word_1_244' title='bbox 1514 4120 1625 4192; x_wconf 73' lang='lat' dir='ltr'><strong>clci</strong></span> <span class='ocrx_word' id='word_1_245' title='bbox 1672 4118 1967 4209; x_wconf 81' lang='lat' dir='ltr'><strong>tenebre,</strong></span> <span class='ocrx_word' id='word_1_246' title='bbox 2019 4117 2225 4212; x_wconf 89' lang='lat' dir='ltr'><strong>idest,</strong></span> <span class='ocrx_word' id='word_1_247' title='bbox 2278 4116 2503 4193; x_wconf 88' lang='lat' dir='ltr'><strong>trahis</strong></span> <span class='ocrx_word' id='word_1_248' title='bbox 2551 4118 3102 4213; x_wconf 84' lang='lat' dir='ltr'><strong>dubitationem,</strong></span> <span class='ocrx_word' id='word_1_249' title='bbox 3138 4122 3215 4192; x_wconf 78' lang='lat' dir='ltr'><strong>di</strong></span> <span class='ocrx_word' id='word_1_250' title='bbox 3244 4139 3418 4193; x_wconf 85' lang='lat' dir='ltr'><strong>vera</strong></span> <span class='ocrx_word' id='word_1_251' title='bbox 3450 4123 3623 4211; x_wconf 84' lang='lat' dir='ltr'><strong>luce,</strong></span> <span class='ocrx_word' id='word_1_252' title='bbox 3657 4140 3749 4195; x_wconf 83' lang='lat' dir='ltr'><strong>ex</strong></span> <span class='ocrx_word' id='word_1_253' title='bbox 3778 4108 3847 4211; x_wconf 72' lang='lat'><strong>(⁴)</strong></span> 
     </span>
     <span class='ocr_line' id='line_1_28' title="bbox 1514 4237 3847 4332; baseline 0 -19"><span class='ocrx_word' id='word_1_254' title='bbox 1514 4237 1822 4314; x_wconf 82' lang='lat' dir='ltr'><strong>veritate</strong></span> <span class='ocrx_word' id='word_1_255' title='bbox 1872 4257 2042 4331; x_wconf 84' lang='lat' dir='ltr'><strong>quae</strong></span> <span class='ocrx_word' id='word_1_256' title='bbox 2089 4243 2200 4313; x_wconf 87' lang='lat' dir='ltr'><strong>est</strong></span> <span class='ocrx_word' id='word_1_257' title='bbox 2250 4237 2519 4312; x_wconf 88' lang='lat' dir='ltr'><strong>clarior</strong></span> <span class='ocrx_word' id='word_1_258' title='bbox 2568 4237 2756 4332; x_wconf 89' lang='lat' dir='ltr'><strong>luce,</strong></span> <span class='ocrx_word' id='word_1_259' title='bbox 2809 4238 2867 4311; x_wconf 91' lang='lat' dir='ltr'><strong>si</strong></span> <span class='ocrx_word' id='word_1_260' title='bbox 2920 4238 3335 4313; x_wconf 84' lang='lat' dir='ltr'><strong>reflecteres</strong></span> <span class='ocrx_word' id='word_1_261' title='bbox 3386 4245 3709 4314; x_wconf 88' lang='lat' dir='ltr'><strong>mentem</strong></span> <span class='ocrx_word' id='word_1_262' title='bbox 3762 4238 3847 4313; x_wconf 90' lang='lat' dir='ltr'><strong>ad</strong></span> 
     </span>
     <span class='ocr_line' id='line_1_29' title="bbox 1512 4357 3850 4454; baseline -0.001 -21"><span class='ocrx_word' id='word_1_263' title='bbox 1512 4365 1792 4433; x_wconf 84' lang='lat' dir='ltr'><strong>aeterna</strong></span> <span class='ocrx_word' id='word_1_264' title='bbox 1841 4358 2261 4454; x_wconf 89' lang='lat' dir='ltr'><strong>spiritualia.</strong></span> <span class='ocrx_word' id='word_1_265' title='bbox 2316 4359 2403 4431; x_wconf 91' lang='lat' dir='ltr'><strong>Et</strong></span> <span class='ocrx_word' id='word_1_266' title='bbox 2451 4357 2775 4433; x_wconf 90' lang='lat' dir='ltr'><strong>declarat</strong></span> <span class='ocrx_word' id='word_1_267' title='bbox 2808 4358 2947 4433; x_wconf 90' lang='lat' dir='ltr'><strong>hoc</strong></span> <span class='ocrx_word' id='word_1_268' title='bbox 2980 4358 3075 4434; x_wconf 88' lang='lat' dir='ltr'><strong>de</strong></span> <span class='ocrx_word' id='word_1_269' title='bbox 3107 4359 3301 4433; x_wconf 91' lang='lat' dir='ltr'><strong>bono</strong></span> <span class='ocrx_word' id='word_1_270' title='bbox 3336 4358 3690 4453; x_wconf 88' lang='lat' dir='ltr'><strong>spirituali</strong></span> <span class='ocrx_word' id='word_1_271' title='bbox 3725 4378 3850 4453; x_wconf 90' lang='lat' dir='ltr'><strong>per</strong></span> 
     </span>
     <span class='ocr_line' id='line_1_30' title="bbox 1517 4478 3851 4575; baseline 0.001 -22"><span class='ocrx_word' id='word_1_272' title='bbox 1517 4500 1744 4553; x_wconf 91' lang='lat' dir='ltr'><strong>unam</strong></span> <span class='ocrx_word' id='word_1_273' title='bbox 1795 4480 2423 4575; x_wconf 87' lang='lat' dir='ltr'><strong>comparationem</strong></span> <span class='ocrx_word' id='word_1_274' title='bbox 2477 4478 2795 4554; x_wconf 89' lang='lat' dir='ltr'><strong>nobilem</strong></span> <span class='ocrx_word' id='word_1_275' title='bbox 2848 4486 2923 4553; x_wconf 88' lang='lat' dir='ltr'><strong>et</strong></span> <span class='ocrx_word' id='word_1_276' title='bbox 2972 4478 3290 4575; x_wconf 82' lang='lat' dir='ltr'><strong>claram3</strong></span> <span class='ocrx_word' id='word_1_277' title='bbox 3342 4486 3418 4553; x_wconf 89' lang='lat' dir='ltr'><strong>et</strong></span> <span class='ocrx_word' id='word_1_278' title='bbox 3470 4479 3639 4555; x_wconf 92' lang='lat' dir='ltr'><strong>dicit</strong></span> <span class='ocrx_word' id='word_1_279' title='bbox 3688 4481 3851 4555; x_wconf 86' lang='lat' dir='ltr'><strong>bre—</strong></span> 
     </span>
     <span class='ocr_line' id='line_1_31' title="bbox 1513 4598 3850 4697; baseline 0 -23"><span class='ocrx_word' id='word_1_280' title='bbox 1513 4598 1726 4692; x_wconf 83' lang='lat' dir='ltr'><strong>viter,</strong></span> <span class='ocrx_word' id='word_1_281' title='bbox 1762 4599 1960 4694; x_wconf 91' lang='lat' dir='ltr'><strong>quod</strong></span> <span class='ocrx_word' id='word_1_282' title='bbox 2001 4600 2201 4674; x_wconf 87' lang='lat' dir='ltr'><strong>Deus</strong></span> <span class='ocrx_word' id='word_1_283' title='bbox 2233 4599 2333 4673; x_wconf 91' lang='lat' dir='ltr'><strong>ita</strong></span> <span class='ocrx_word' id='word_1_284' title='bbox 2369 4598 2679 4673; x_wconf 80' lang='lat' dir='ltr'><strong>infundit</strong></span> <span class='ocrx_word' id='word_1_285' title='bbox 2712 4599 2998 4674; x_wconf 92' lang='lat' dir='ltr'><strong>radium</strong></span> <span class='ocrx_word' id='word_1_286' title='bbox 3034 4620 3193 4675; x_wconf 83' lang='lat' dir='ltr'><strong>suae</strong></span> <span class='ocrx_word' id='word_1_287' title='bbox 3232 4600 3489 4697; x_wconf 87' lang='lat' dir='ltr'><strong>gratiae</strong></span> <span class='ocrx_word' id='word_1_288' title='bbox 3530 4600 3604 4674; x_wconf 91' lang='lat' dir='ltr'><strong>in</strong></span> <span class='ocrx_word' id='word_1_289' title='bbox 3647 4617 3850 4675; x_wconf 82' lang='lat' dir='ltr'><strong>men-</strong></span> 
     </span>
     <span class='ocr_line' id='line_1_32' title="bbox 1513 4718 3847 4816; baseline -0.001 -22"><span class='ocrx_word' id='word_1_290' title='bbox 1513 4725 1661 4794; x_wconf 88' lang='lat' dir='ltr'><strong>tem</strong></span> <span class='ocrx_word' id='word_1_291' title='bbox 1715 4718 2051 4813; x_wconf 82' lang='lat' dir='ltr'><strong>hominiS,</strong></span> <span class='ocrx_word' id='word_1_292' title='bbox 2104 4718 2292 4793; x_wconf 91' lang='lat' dir='ltr'><strong>sicut</strong></span> <span class='ocrx_word' id='word_1_293' title='bbox 2342 4719 2449 4793; x_wconf 92' lang='lat' dir='ltr'><strong>sol</strong></span> <span class='ocrx_word' id='word_1_294' title='bbox 2502 4718 2789 4794; x_wconf 91' lang='lat' dir='ltr'><strong>radium</strong></span> <span class='ocrx_word' id='word_1_295' title='bbox 2841 4740 2998 4794; x_wconf 83' lang='lat' dir='ltr'><strong>suae</strong></span> <span class='ocrx_word' id='word_1_296' title='bbox 3049 4718 3232 4795; x_wconf 91' lang='lat' dir='ltr'><strong>lucis</strong></span> <span class='ocrx_word' id='word_1_297' title='bbox 3292 4719 3366 4792; x_wconf 92' lang='lat' dir='ltr'><strong>in</strong></span> <span class='ocrx_word' id='word_1_298' title='bbox 3434 4718 3847 4816; x_wconf 89' lang='lat' dir='ltr'><strong>speculum;</strong></span> 
     </span>
     <span class='ocr_line' id='line_1_33' title="bbox 1511 4838 3843 4935; baseline -0.003 -19"><span class='ocrx_word' id='word_1_299' title='bbox 1511 4840 1638 4917; x_wconf 84' lang='lat' dir='ltr'><strong>sed</strong></span> <span class='ocrx_word' id='word_1_300' title='bbox 1690 4840 1852 4935; x_wconf 91' lang='lat' dir='ltr'><strong>plus</strong></span> <span class='ocrx_word' id='word_1_301' title='bbox 1901 4847 1976 4914; x_wconf 87' lang='lat' dir='ltr'><strong>et</strong></span> <span class='ocrx_word' id='word_1_302' title='bbox 2028 4840 2275 4913; x_wconf 91' lang='lat' dir='ltr'><strong>minus</strong></span> <span class='ocrx_word' id='word_1_303' title='bbox 2322 4838 2731 4913; x_wconf 86' lang='lat' dir='ltr'><strong>secundum</strong></span> <span class='ocrx_word' id='word_1_304' title='bbox 2786 4840 3259 4935; x_wconf 88' lang='lat' dir='ltr'><strong>capacitatem</strong></span> <span class='ocrx_word' id='word_1_305' title='bbox 3322 4839 3843 4935; x_wconf 82' lang='lat' dir='ltr'><strong>recipientium.</strong></span> 
     </span>
    </p>
   </div>
   <div class='ocr_carea' id='block_1_3' title="bbox 1637 5024 3523 5168">
    <p class='ocr_par' dir='ltr' id='par_1_3' title="bbox 1637 5024 3523 5168">
     <span class='ocr_line' id='line_1_34' title="bbox 1637 5024 3231 5092; baseline 0.002 -16"><span class='ocrx_word' id='word_1_306' title='bbox 1637 5026 1690 5089; x_wconf 89' lang='lat'><strong>(¹)</strong></span> <span class='ocrx_word' id='word_1_307' title='bbox 1721 5026 1783 5076; x_wconf 80' lang='lat' dir='ltr'><strong>E.</strong></span> <span class='ocrx_word' id='word_1_308' title='bbox 1816 5032 1966 5087; x_wconf 79' lang='lat' dir='ltr'><strong>poeta</strong></span> <span class='ocrx_word' id='word_1_309' title='bbox 1999 5032 2174 5077; x_wconf 76' lang='lat' dir='ltr'><strong>noster</strong></span> <span class='ocrx_word' id='word_1_310' title='bbox 2207 5026 2440 5091; x_wconf 80' lang='lat' dir='ltr'><strong>Virgilio.</strong></span> <span class='ocrx_word' id='word_1_311' title='bbox 2852 5024 2907 5090; x_wconf 79' lang='lat'><strong>(¹)</strong></span> <span class='ocrx_word' id='word_1_312' title='bbox 2940 5028 3000 5078; x_wconf 80' lang='lat' dir='ltr'><strong>E.</strong></span> <span class='ocrx_word' id='word_1_313' title='bbox 3035 5031 3231 5092; x_wconf 81' lang='lat' dir='ltr'><strong>recipit.</strong></span> 
     </span>
     <span class='ocr_line' id='line_1_35' title="bbox 1638 5100 3523 5168; baseline -0.003 -5"><span class='ocrx_word' id='word_1_314' title='bbox 1638 5100 1693 5163; x_wconf 71' lang='grc' dir='ltr'><strong>ι’)</strong></span> <span class='ocrx_word' id='word_1_315' title='bbox 1723 5101 1785 5153; x_wconf 82' lang='lat' dir='ltr'><strong>E·</strong></span> <span class='ocrx_word' id='word_1_316' title='bbox 1820 5102 2140 5165; x_wconf 73' lang='lat' dir='ltr'><strong>temporaua.</strong></span> <span class='ocrx_word' id='word_1_317' title='bbox 2856 5104 2912 5168; x_wconf 79' lang='lat'><strong>(⁸)</strong></span> <span class='ocrx_word' id='word_1_318' title='bbox 2942 5106 3003 5157; x_wconf 83' lang='grc' dir='ltr'><strong>Ε.</strong></span> <span class='ocrx_word' id='word_1_319' title='bbox 3036 5106 3167 5155; x_wconf 71' lang='lat' dir='ltr'><strong>idest</strong></span> <span class='ocrx_word' id='word_1_320' title='bbox 3196 5119 3261 5156; x_wconf 77' lang='lat' dir='ltr'><strong>ex</strong></span> <span class='ocrx_word' id='word_1_321' title='bbox 3292 5106 3523 5157; x_wconf 72' lang='lat' dir='ltr'><strong>veritate.</strong></span> 
     </span>
    </p>
   </div>
  </div>
 </body>
</html>
