4392 6850
1507 948 1649 1015 270
2226 959 2635 1015 coum‘ruu
2684 959 3125 1016 runca-romi

1509 1124 1670 1180 esse
1722 1105 1956 1202 magis
2009 1111 2391 1200 promptus
2442 1105 2537 1178 ad
2585 1105 3111 1180 absolvendum
3152 1098 3225 1196 (¹)
3281 1125 3504 1200 quam
3570 1104 3665 1180 ad
3724 1127 3855 1182 ne-

1505 1223 1833 1320 gandum
1885 1223 2445 1300 absolutionem.
2497 1224 2667 1300 Ideo
2718 1225 2994 1320 optime
3044 1224 3215 1299 dicit
3254 1224 3849 1322 chrysostomus:

1502 1345 1582 1416 Si
1653 1348 1843 1418 Deus
1918 1346 2279 1436 benignus,
2357 1365 2580 1437 quare
2652 1347 2985 1418 sacerdos
3060 1347 3203 1418 cius
3277 1353 3597 1418 aus-ms
3621 1353 3661 1419 ?
3730 1347 3851 1422 ubi

1507 1462 1702 1537 enim
1755 1463 2275 1558 paterfamilias
2326 1471 2437 1540 est
2487 1465 2738 1561 largus
2770 1464 3224 1558 dispensator
3259 1486 3407 1539 non
3442 1465 3660 1540 debet
3696 1486 3855 1541 esse

1505 1583 1723 1659 tenax
1755 1575 1852 1678 (²).
1905 1586 2138 1660 Debet
2187 1606 2369 1682 ergo
2404 1585 2734 1682 recipere
2766 1605 2811 1659 a
2846 1590 3233 1681 peccatore
3266 1585 3443 1660 illud
3484 1585 3685 1680 quod
3722 1609 3855 1683 po-

1507 1709 1648 1778 test
1700 1706 1816 1780 vel
1869 1708 2050 1801 vult,
2087 1712 2162 1781 et
2195 1727 2344 1781 non
2396 1725 2841 1802 exasperare
2874 1726 3051 1781 eum
3093 1705 3496 1781 dummodo
3540 1728 3687 1781 non
3722 1728 3852 1784 ve-

1506 1823 1658 1898 niat
1708 1845 1879 1899 cum
1934 1826 2313 1920 superbia3
2371 1825 2565 1901 unde
2614 1825 2829 1901 dicit:
2873 1847 3022 1919 pur
3069 1827 3189 1900 che
3238 1828 3310 1899 la
3356 1834 3555 1918 yeme
3588 1830 3666 1902 ai
3686 1831 3855 1922 pedi

1504 1946 1602 2017 mi
1636 1948 1694 2018 s'
1721 1949 1993 2039 accerst,
2031 1946 2235 2042 idest,
2272 1953 2687 2042 prosternat
2718 1966 2800 2021 se
2834 1945 3207 2021 humiliter
3242 1957 3495 2043 petens
3528 1947 3845 2022 veniam.

1503 2105 1603 2119 —
1625 2068 1778 2139 Poi.
1816 2065 1946 2140 Hic
1979 2073 2194 2162 poeta
2236 2066 2469 2162 tangit
2501 2067 2955 2163 apertionem
2994 2073 3225 2163 portae
3259 2073 3335 2142 et
3376 2067 3853 2143 introductio-

1503 2205 1676 2260 nem
1727 2206 1938 2260 suam
1991 2205 2165 2261 cum
2216 2185 2518 2261 consilio
2568 2187 2847 2284 angeli3
2886 2187 3083 2262 unde
3125 2185 3333 2261 dicit:
3372 2190 3531 2278 Poi,
3566 2187 3689 2262 ille
3720 2211 3852 2264 an-

1503 2305 1736 2401 geluS,
1781 2310 1983 2400 pinse
2033 2309 2078 2379 Γ
2099 2309 2291 2380 nscio
2340 2309 2489 2380 alla
2512 2314 2732 2400 porca
2764 2314 3081 2400 sacrata,
3117 2305 3409 2402 scilicet,
3445 2328 3707 2382 versus
3740 2309 3852 2382 in-

1505 2424 1855 2501 teriorem
1893 2447 2062 2521 quae
2095 2433 2361 2524 purgat
2394 2435 2717 2523 peccata,
2758 2429 3092 2502 dicendo.-
3126 2429 3408 2519 intrate,
3452 2427 3627 2520 quia
3650 2429 3853 2524 juste

1507 2545 1766 2642 petisti,
1801 2567 1882 2622 es
1932 2546 2196 2644 dignus
2246 2546 2743 2622 misericordia
2761 2571 2781 2642 ;
2816 2568 2937 2620 ma
2971 2549 3273 2641 facciovi
3320 2550 3605 2640 accorti,
3644 2550 3851 2642 quasi

1501 2664 1740 2739 dicat:
1795 2666 2020 2741 reddo
2070 2688 2202 2742 vos
2250 2673 2529 2762 cautoS‚
2565 2668 2687 2740 che
2734 2669 2811 2740 di
2848 2671 3020 2762 litor
3062 2673 3271 2740 torna
3311 2668 3421 2740 chi
3447 2668 3744 2740 'adimo
3790 2672 3854 2742 si

1501 2793 1746 2878 quala,
1814 2787 2020 2882 idest,
2093 2787 2549 2883 quicumque
2615 2795 2899 2863 temere
2970 2786 3258 2883 respicit
3324 2786 3456 2861 sibi
3525 2809 3570 2862 a
3638 2793 3847 2886 tergo

1507 2907 1970 2982 exclauditur
1997 2899 2072 3001 (³)
2127 2915 2339 2983 extra
2392 2913 2677 3002 portam
2742 2913 3047 2983 sacratae
3097 2906 3427 3001 civitatis,
3479 2909 3689 3001 quasi
3738 2910 3849 2984 di-

1503 3032 1670 3102 cat:
1739 3028 1863 3122 qui
1932 3027 2288 3103 relabitur
2355 3027 2429 3102 in
2492 3035 2813 3125 peccata,
2880 3026 3167 3103 eiicitur
3230 3027 3323 3102 de
3391 3031 3842 3126 purgatorio,

1504 3148 1678 3243 quia
1728 3150 1966 3224 omnis
2017 3149 2335 3225 recidiva
2385 3149 2707 3226 deterior
2756 3156 2867 3226 est
2916 3171 3054 3225 sua
3095 3147 3360 3224 radice.
3400 3149 3487 3222 Et
3526 3151 3643 3225 bic
3678 3159 3846 3226 nota

1504 3270 1703 3365 quod
1752 3271 1886 3346 iste
1935 3271 2244 3366 angelus
2278 3291 2425 3345 non
2466 3270 2771 3367 imponit
2802 3270 3043 3345 autori
3079 3270 3295 3344 aliam
3340 3271 3841 3366 poenitentiam

1505 3397 1784 3470 certam
1839 3390 1974 3466 nisi
2021 3391 2252 3485 illam,
2288 3412 2513 3488 quam
2555 3393 2883 3467 Christus
2932 3390 3279 3489 imposuit
3329 3391 3621 3467 mulieri
3674 3414 3845 3468 cum

1503 3511 1727 3586 dixit:
1780 3515 1991 3603 Vade,
2025 3514 2423 3606 etamplius
2472 3514 2620 3587 noli
2655 3532 2979 3606 peccare,
3020 3511 3188 3587 licet
3234 3512 3371 3587 ista
3422 3512 3643 3588 fuerit
3694 3534 3851 3588 ma-

1507 3631 1704 3706 xima
1755 3631 2221 3727 poenitentia3
2271 3638 2511 3727 potest
2570 3632 2789 3707 etiam
2844 3632 3005 3727 dici,
3060 3631 3256 3727 quod
3321 3632 3667 3729 imposuit
3717 3634 3847 3709 sibi

1506 3753 2008 3850 poenitentiam
2062 3753 2357 3847 quando
2408 3752 2663 3827 indixit
2689 3740 2762 3846 (‘)
2828 3752 2958 3828 sibi
3026 3774 3249 3849 supra
3316 3754 3511 3847 quod
3572 3755 3854 3830 lavaret

1508 3875 1630 3950 illa
1696 3880 1977 3969 septem
2039 3874 2353 3948 vulnera
2416 3894 2589 3948 cum
2645 3872 2987 3971 lacrymis
3048 3874 3645 3971 compunctionis,
3672 3917 3773 3931 —
3795 3881 3861 3950 E

1508 3998 1813 4087 quando.
1866 3994 1998 4069 Hic
2047 3999 2263 4089 poeta
2313 3993 2656 4096 describit
2703 3994 3207 4070 difficultatem
3259 3994 3467 4069 istius
3516 3995 3851 4072 introitus

1506 4110 1638 4212 per
1686 4136 1914 4189 unam
1971 4114 2288 4190 nobilem
2341 4114 3012 4211 comparationem3
3063 4122 3136 4191 et
3187 4116 3345 4191 vult
3389 4116 3634 4192 dicere
3684 4118 3865 4193 bre-'

1505 4236 1696 4310 viter
1747 4235 1945 4330 quod
2005 4234 2079 4308 in
2147 4239 2496 4329 apertura
2563 4234 2769 4308 istius
2827 4236 3079 4331 januae
3139 4236 3373 4311 factus
3434 4243 3545 4311 est
3608 4244 3855 4313 tantus

1508 4376 1732 4429 sonus
1773 4360 1848 4429 et
1882 4354 2170 4449 stridor,
2223 4360 2547 4448 quantus
2581 4355 2755 4430 olim
2792 4356 3027 4432 factus
3060 4364 3172 4433 est
3204 4358 3459 4432 Romae
3511 4358 3585 4430 in
3634 4380 3854 4455 aper-

1508 4477 1704 4551 tione
1754 4474 1997 4550 aerarii
2049 4475 2238 4549 facta
2288 4496 2420 4571 per
2471 4475 2860 4553 Caesarem.
2897 4478 3003 4553 Ad
3044 4478 3257 4554 cuius
3293 4478 3399 4554 rei
3445 4478 3855 4576 intelligen-

1507 4596 1685 4671 tiam
1753 4595 1974 4671 debes
2034 4594 2361 4671 breviter
2412 4596 2600 4671 scire
2661 4598 2882 4693 quod,
2950 4598 3139 4675 sicut
3204 4600 3452 4675 scribit
3516 4600 3855 4674 Lucanus

1509 4715 1768 4792 diffuse
1800 4716 1876 4791 in
1927 4737 2062 4791 sua
2096 4717 2495 4812 Pharsalia,
2538 4717 2805 4815 Caesar,
2834 4719 3089 4816 fugato
3122 4720 3475 4816 Pompeio
3508 4720 3601 4795 de
3634 4720 3854 4815 Italia,

1512 4856 1860 4919 reversus
1892 4836 2203 4911 Romam
2244 4837 2605 4912 ordinavit
2642 4838 2905 4913 urbem
2940 4839 3032 4914 ad
3068 4831 3385 4933 suum(⁸)
3418 4840 3744 4933 modum,
3782 4850 3856 4915 et

1635 5012 1688 5070 (⁸)
1723 5014 1832 5071 117,
1866 5010 2189 5061 solvendum.
2328 5008 2384 5075 (')
2416 5012 2479 5061 E.
2514 5014 2667 5062 tenax
2697 5012 2964 5063 sacerdos:
2996 5013 3148 5064 debet
3178 5026 3324 5077 ergo.

1633 5085 1689 5147 (⁸)
1721 5086 1782 5137 E.
1813 5086 2128 5137 excluditur.
2330 5087 2387 5151 (⁸)
2421 5091 2531 5150 11⁷,
2554 5088 2706 5153 justit
2738 5089 2853 5141 sibl.
3082 5089 3138 5152 (⁸)
3169 5090 3230 5141 E.
3262 5104 3419 5143 suum
3448 5103 3658 5153 nomon,
3688 5097 3744 5143 et
3774 5095 3849 5142 ut.
