4392 6850
1445 919 1593 986 216
2135 911 2140 914 ’
2177 924 2585 980 com-run
2628 923 3071 980 Punuuonu

1447 1071 1817 1166 Friderici‚
1854 1091 2174 1164 quarum
2213 1075 2477 1144 neutra
2518 1075 2807 1164 poterat
2838 1067 3137 1164 gloriari
3188 1067 3283 1142 de
3331 1067 3565 1162 probo
3606 1066 3785 1158 viro,

1441 1194 1646 1290 quia,
1701 1199 1782 1268 ut
1832 1197 2028 1288 patet
2080 1210 2174 1265 ex
2224 1189 2454 1284 dictita,
2490 1189 2605 1264 isu·
2636 1189 2788 1264 duo
2828 1189 3376 1286 degenerabant
3424 1209 3469 1264 a
3520 1187 3791 1264 virtum

1443 1320 1776 1410 paterna.
1827 1311 1962 1385 Alii
2015 1317 2263 1412 tamen
2312 1310 2586 1404 dicunt,
2639 1310 2839 1404 quod
2890 1311 3045 1384 istae
3102 1310 3272 1385 duae
3320 1309 3626 1384 filerunt
3670 1329 3791 1382 so·

1447 1455 1660 1510 rores
1713 1431 2172 1525 Constantiae,
2225 1429 2425 1524 quod
2474 1451 2623 1504 non
2674 1430 2918 1505 credo,
2946 1469 3047 1484 -
3088 1431 3323 1504 Vedeoe
3382 1433 3440 1503 il
3494 1451 3597 1528 re.
3664 1429 3789 1504 Hit:

1449 1553 1822 1628 Son-delius
1889 1550 2221 1625 nominat
2286 1549 2513 1624 alium
2575 1550 2915 1644 spiritum
2980 1549 3343 1624 illustrem
3391 1550 3787 1624 Hem-ioum

1453 1695 1706 1771 regem
1759 1671 2056 1768 Angliae.
2110 1670 2255 1746 Iste
2304 1671 2439 1744 fuit
2490 1670 2681 1744 fliius
2730 1670 3069 1744 Richardi
3120 1670 3611 1762 valentissimi,
3664 1669 3789 1764 qui

1451 1793 1812 1868 mirabilia
1863 1793 2030 1868 fecit
2078 1799 2383 1868 strenue
2428 1799 2685 1866 eontra
2736 1791 3197 1885 Saladinum3
3246 1792 3377 1886 qui
3432 1792 3790 1867 Hem-icus

1449 1916 1588 1990 fuit
1637 1915 1747 1989 vir
1795 1915 2056 2007 bonus,
2109 1920 2184 1988 et
2232 1913 2445 1988 bonae
2496 1911 2661 1987 fidei
2718 1931 3116 2006 possessor,
3164 1911 3293 1986 ned
3352 1912 3608 1986 babuit
3656 1913 3787 1988 be-

1451 2035 1704 2110 nedem
1760 2034 2138 2108 meliorem
2191 2053 2273 2108 se
2322 2054 2454 2128 per
2484 2033 2941 2108 eontrarium
2978 2033 3175 2108 Petri
3224 2039 3301 2108 et
3348 2033 3611 2128 Caroli,
3648 2033 3789 2108 sci·-

1451 2157 1618 2230 licet
1667 2155 2086 2229 Adoardum
2139 2154 2387 2228 virum
2438 2153 3038 2229 valentissimum.
3092 2154 3280 2228 Dicit
3338 2175 3560 2252 ergo:
3615 2159 3670 2228 il
3709 2175 3793 2228 ne

1451 2282 1538 2352 de
1583 2280 1658 2350 la
1707 2279 2022 2368 semplioe
2071 2280 2241 2366 vita,
2292 2275 2429 2349 suit
2478 2275 2785 2370 simplex
2834 2281 2910 2349 et
2960 2295 3217 2370 purus,
3252 2275 3379 2350 sed
3424 2297 3569 2350 non
3606 2287 3795 2352 stre—

1453 2418 1672 2492 nuuS,
1723 2397 1908 2471 sicut
1957 2402 2166 2492 pater
2218 2402 2294 2469 et
2340 2395 2552 2488 filius,
2606 2395 2899 2490 scilicet,
2960 2399 3227 2487 Arriyo
3276 2399 3345 2468 α’
3374 2399 3794 2488 [mmmm

1453 2521 1658 2592 seder
1707 2507 1780 2590 Ιὰ
1826 2520 2022 2611 solo,·
2073 2517 2276 2611 ponit
2324 2516 2561 2611 ipsum
2622 2516 2887 2610 solum,
2940 2517 3113 2610 quia
3174 2518 3371 2592 solus
3436 2519 3573 2592 suit
3622 2517 3797 2590 sim-

1457 2640 1625 2734 plex
1677 2637 1750 2712 in
1800 2657 2117 2712 numero
2167 2657 2431 2732 regum
2466 2637 2767 2732 Angliae,
2802 2637 2927 2731 qui
2966 2637 3267 2711 suerunt
3298 2636 3795 2711 communiter

1453 2756 1674 2832 astuti
1726 2756 1985 2849 valde3
2034 2757 2152 2830 vel
2204 2755 2373 2850 quia
2426 2757 2791 2831 solitarius
2852 2777 2999 2831 non
3061 2757 3429 2854 gaudebat
3477 2778 3795 2833 conver-

1457 2878 1736 2952 satione
1785 2877 2192 2971 hominum,
2237 2877 2355 2950 vel
2404 2877 2578 2970 quia
2626 2877 2996 2973 anglicus:
3030 2877 3287 2974 Anglia
3324 2879 3521 2952 enim
3558 2899 3797 2974 angu-

1455 2999 1572 3072 lus
1621 3005 1844 3072 terrae
1895 3003 2004 3070 est
2054 2997 2369 3091 reposita
2420 2997 2489 3070 in
2540 2998 2835 3072 Oceano
2876 2997 3321 3072 occidentali.
3376 2998 3581 3073 Unde
3631 2998 3796 3072 Vir-

1451 3120 1709 3216 gilius:
1761 3124 1853 3192 Et
1885 3121 2160 3210 penitus
2224 3124 2363 3190 toto
2425 3120 2685 3191 divisos
2742 3119 2915 3190 arbe
2980 3119 3364 3192 britannos.
3400 3159 3501 3172 —-
3543 3123 3796 3212 Quesa',

1454 3239 1746 3331 scilicet,
1799 3257 1932 3311 rex
1983 3237 2363 3332 Hem-iem,
2414 3239 2506 3310 Ιια
2556 3240 2663 3310 ne'
2694 3241 2887 3312 rami
2942 3243 3119 3332 suoi,
3170 3241 3462 3341 scilicet,
3514 3241 3798 3337 Anglia,

1455 3359 1694 3435 Scotia
1729 3351 1800 3451 (')
1855 3365 1930 3433 et
1995 3357 2152 3433 aliis
2204 3358 2477 3453 insulis⁷
2529 3362 2810 3451 molior
2860 3363 3103 3452 uso-ua,
3156 3360 3360 3456 idest,
3412 3361 3796 3437 meliorem

1455 3480 1711 3575 fliium,
1765 3479 2036 3554 scilicet
2081 3478 2530 3574 Adoardum‚
2574 3480 2701 3573 qui
2756 3486 2933 3555 tune
2984 3481 3293 3555 vivebat.
3323 3494 3424 3535 ’—
3450 3486 3622 3571 0νεί
3677 3486 3803 3556 che

1447 3598 1574 3695 pir)
1623 3602 1850 3696 basso,
1903 3600 2034 3674 Hic
2083 3600 2344 3674 ultimo
2395 3600 2767 3675 Son-delius
2816 3602 3142 3675 nominat
3192 3602 3533 3675 ultimum
3586 3602 3799 3697 spiri-

1457 3731 1620 3799 tum
1689 3720 1988 3797 minoris
2053 3720 2349 3817 gradus,
2402 3721 2509 3795 Ad
2566 3720 2781 3795 cuius
2838 3722 3327 3817 cognitionem
3390 3730 3502 3797 est
3562 3724 3801 3799 scien·
3928 3708 3935 3715 ’

1455 3844 1658 3933 dum,
1709 3841 1906 3935 quod
1965 3840 2100 3915 iste
2157 3840 2293 3914 fuit
2348 3841 2806 3916 Guinielmus
2874 3841 3205 3917 marchio
3260 3843 3795 3937 montisferrati,

1455 3965 1570 4038 vir
1621 3964 1826 4039 ferox
1879 3968 1953 4037 et
2001 3962 2304 4056 crudu3‚
2356 3970 2603 4037 tamen
2666 3963 2915 4037 vaiens
2978 3969 3053 4045 et
3120 3970 3399 4058 potem,
3468 3964 3593 4057 qui
3664 3964 3803 4043 fuit

1455 4082 1848 4177 aiiquando
1899 4081 2321 4175 capitaneus
2372 4080 2749 4156 Mediolani
2782 4089 3041 4155 contra
3076 4082 3394 4177 Papiam.
3428 4084 3573 4157 Iste
3602 4104 3800 4159 anno

1457 4201 1747 4279 Domini
1795 4200 2100 4276 MCCXC
2165 4220 2339 4275 oum
2406 4202 2653 4275 ivisset
2718 4222 2890 4274 cum
2954 4202 3205 4296 paucis
3272 4204 3365 4277 ad
3428 4204 3794 4279 civitatem

1455 4322 1936 4415 Alexandriae,
1970 4320 2437 4397 Aiexaudrini
2470 4322 2563 4395 ad
2598 4322 3013 4397 instantiam
3050 4323 3493 4418 Astensium,
3526 4326 3797 4419 quibus

1457 4443 1786 4518 marchio
1835 4447 1998 4517 erat
2045 4441 2407 4535 inimicus,
2461 4448 2817 4536 eepemnt
2876 4462 3051 4516 enm
3115 4444 3535 4539 proditorie,
3584 4466 3803 4521 aoce-

1457 4564 1596 4659 ptis
1649 4562 1930 4659 magnis
1977 4562 2305 4657 pecuniis
2364 4562 2461 4636 ab
2522 4562 2967 4657 Astenabus,
3017 4561 3145 4657 qui
3218 4572 3390 4638 sunt
3446 4568 3799 4660 peculio-

1455 4684 1686 4759 siores
1735 4684 2076 4757 omnibus
2129 4683 2403 4775 italiciS‚
2454 4683 2737 4757 caeteris
2798 4684 3121 4778 paribuS‚
3170 4684 3349 4777 quia
3410 4692 3585 4760 sunt
3636 4708 3799 4761 nn-

1453 4804 1582 4902 gni
1613 4796 1686 4897 (²)
1739 4788 2098 4898 usurarii3
2131 4810 2209 4877 et
2252 4811 2589 4877 mortuus
2638 4809 2751 4877 est
2800 4802 2876 4876 in
2924 4824 3229 4878 carcere
3278 4804 3795 4899 praedictorum

1586 5061 1643 5124 (¹)
1671 5060 1734 5111 E.
1767 5060 1952 5111 Sicilia.
2513 5057 2570 5119 (¹)
2602 5060 2663 5111 E.
2697 5059 2928 5111 maximi,
