4392 6850
1488 1001 1770 1058 CANTUS
1818 1002 2140 1057 TERTIUS.
2850 994 2883 1058 1
2895 993 2989 1058 07

637 1147 772 1223 sed
821 1154 1123 1222 mortuo
1169 1147 1584 1224 Alexandro
1635 1153 1929 1223 creatu‘s
1979 1154 2093 1221 est
2145 1147 2478 1223 Urbanus
2528 1147 2619 1221 IV
2668 1148 2762 1223 de
2812 1147 2992 1222 civi-

560 1317 580 1339 .
644 1274 801 1344 tate
850 1269 1254 1344 Turonensi
1307 1270 1381 1342 in
1431 1269 1760 1363 Francia,
1800 1268 1925 1364 qui
1960 1269 2074 1342 vir
2123 1268 2457 1365 ignobilis
2508 1289 2810 1366 genere,
2863 1268 2991 1344 sed

643 1389 903 1466 nobilis
952 1390 1224 1466 virtute
1272 1389 1520 1484 animi,
1573 1389 1822 1464 videns
1871 1389 2257 1464 ecclesiam
2318 1391 2821 1465 conculcatam
2875 1389 2989 1464 vi·-

647 1511 848 1586 rihus
895 1511 1239 1586 Manfredi
1295 1511 1505 1606 quasi
1555 1511 1630 1584 in
1680 1516 1832 1585 tota
1890 1511 2113 1605 ltalia,
2179 1511 2308 1605 qui
2365 1517 2713 1607 posuerat
2773 1531 2991 1590 exere

643 1630 870 1706 citum
923 1651 1452 1706 saracenorum
1505 1630 1580 1705 in
1628 1630 2068 1727 patrimonio
2119 1631 2339 1726 Petri,
2390 1631 2558 1706 fecit
2607 1631 2985 1726 praedicari

639 1771 939 1826 crucem
993 1758 1250 1826 contra
1302 1771 1452 1846 eos,
1506 1771 1694 1846 quos
1746 1751 2012 1846 repulit
2039 1743 2112 1843 (¹)
2185 1751 2260 1823 in
2308 1750 2688 1846 Apuliam;
2741 1758 2837 1845 et,
2900 1758 2980 1824 ut

509 1925 522 1938 .
641 1871 785 1946 cito
833 1871 1097 1967 dicam,
1153 1872 1548 1948 celebravit
1597 1871 2013 1963 concilium,
2047 1871 2121 1944 in
2162 1891 2315 1964 quo
2350 1871 2747 1966 proposuit,
2800 1894 2989 1968 quo-

643 1993 864 2069 modo
915 1992 1219 2068 ecclesia
1256 2001 1417 2068 erat
1452 1993 1841 2088 subiugata
1878 2014 1922 2066 a
1961 1991 2360 2086 Mansredo,
2397 1993 2523 2085 qui
2567 2013 2712 2066 non
2760 1993 2987 2088 dege-

643 2113 952 2188 nerabat
997 2133 1044 2187 a
1095 2112 1497 2188 maioribus
1548 2112 1723 2206 suis,
1774 2112 1899 2206 qui
1952 2133 2246 2207 semper
2280 2111 2809 2186 tribulaverant
2858 2131 2985 2186 ec-

644 2233 990 2327 clesiam3
1041 2233 1206 2307 ideo
1255 2231 1347 2306 ad
1399 2231 1886 2308 revocandam
1941 2230 2352 2306 libertatem
2414 2215 2799 2305 videbatur
2848 2229 2977 2304 sibi

638 2352 934 2428 mittere
979 2373 1116 2449 pro
1168 2353 1429 2428 Carolo
1479 2354 1708 2428 fratre
1740 2352 1910 2427 boni
1944 2352 2241 2427 Ludoici
2277 2343 2353 2444 (²)
2393 2352 2585 2448 regis
2636 2351 2981 2448 Franciae,

632 2472 728 2548 de
776 2494 929 2568 quo
980 2474 1168 2548 facta
1219 2478 1331 2549 est
1383 2473 1659 2548 mentio
1707 2494 1956 2568 supra.
2015 2474 2104 2547 Et
2151 2473 2457 2548 demum
2496 2473 2743 2546 multis
2782 2471 2987 2547 dictis

635 2594 712 2668 in
746 2594 1460 2670 commendationem
1491 2595 1729 2669 Caroli
1773 2615 1946 2668 cum
1985 2615 2257 2690 magno
2291 2613 2588 2669 assensu
2626 2594 2987 2688 omnium,

643 2715 948 2790 Carolus
1010 2720 1318 2790 vocatus
1367 2721 1477 2789 est
1532 2720 1787 2789 contra
1829 2713 2330 2807 Mansredum3
2383 2713 2509 2808 qui
2561 2713 2859 2788 veniens
2909 2713 2984 2786 in

641 2835 918 2910 Italiam
973 2841 1123 2909 tam
1179 2835 1506 2929 faciliter,
1559 2856 1782 2929 quam
1821 2835 2145 2929 feliciter,
2183 2834 2436 2908 habuit
2477 2835 2857 2909 victoriam
2891 2835 2985 2910 de

635 2955 1006 3030 Mansredo
1057 2954 1255 3050 apud
1309 2955 1846 3049 Beneventum3
1896 2961 2148 3051 postea
2197 2955 2291 3030 de
2331 2955 2763 3049 Conradino,
2798 2946 2975 3049 ut(³)

477 3061 500 3086 ⁸
635 3077 852 3173 plene
901 3075 1152 3172 scripsi
1203 3074 1469 3149 Inferni
1522 3075 1842 3171 capitulo
1893 3075 2198 3150 xxvm.
2251 3077 2357 3148 Ex
2410 3075 2615 3150 dictis
2656 3095 2835 3172 ergo
2868 3075 2981 3149 vi-

635 3196 764 3272 des
814 3195 872 3269 si
924 3215 1193 3290 magna
1246 3194 1548 3270 suerunt
1597 3201 1893 3290 peccata
1955 3195 2350 3290 Manfredi5
2410 3195 2538 3270 sed
2598 3194 2835 3269 maior
2868 3202 2979 3270 est

599 3315 1138 3390 -misericordia
1184 3315 1336 3390 Dei.
1390 3314 1560 3390 Ideo
1621 3315 1773 3411 ipse
1831 3314 2048 3389 dicit:
2099 3337 2221 3388 ma
2280 3317 2355 3390 la
2416 3305 2625 3390 bont&
2682 3317 2981 3408 infinita,

635 3437 906 3513 scilicet
952 3437 1172 3532 Deus,
1223 3439 1317 3509 Ιια
1365 3429 1426 3509 εὶ
1477 3458 1668 3529 ᾳναη
1727 3436 2034 3527 braccia,
2100 3440 2221 3509 che
2275 3440 2545 3530 prende
2592 3429 2699 3511 οἱὸ
2749 3438 2870 3510 che
2917 3440 2981 3510 si

633 3562 904 3650 rivolye
953 3580 1002 3631 α
1049 3560 1160 3650 lei,
1211 3556 1482 3632 scilicet
1528 3576 1661 3651 per
1693 3556 2224 3652 poenitentiam,
2260 3556 2434 3651 quia
2471 3556 2725 3653 recipit
2758 3555 2979 3631 etiam
3086 3555 3095 3565 ‘

634 3678 794 3753 illos
834 3678 1101 3772 quihus
1142 3676 1446 3751 ecclesia
1489 3676 1759 3751 claudit
1793 3677 2189 3772 gremium.
2217 3716 2317 3731 -
2342 3682 2431 3750 Se
2468 3680 2519 3751 'l
2541 3683 2811 3770 pastor.
2851 3675 2979 3749 Hic

633 3798 1048 3873 Manl'redus
1098 3798 1332 3894 tangit
1370 3798 1826 3893 implacabile
1859 3797 2108 3871 odium
2147 3799 2621 3893 praelatorum
2658 3795 2983 3872 ecclesiae

633 3925 890 3993 contra
955 3938 1058 4012 se,
1127 3917 1299 4011 quia
1366 3916 1587 3991 etiam
1658 3924 1820 4013 post
1879 3923 2193 3991 mortem
2263 3918 2761 4012 quaesiverunt
2822 3917 2985 3990 vin-

633 4038 902 4113 dictam
951 4040 1044 4112 de
1094 4059 1208 4132 ec,
1261 4037 1588 4112 faciendo
1649 4058 1813 4113 ossa
1874 4038 2032 4113 eius
2093 4037 2304 4112 abiici
2367 4046 2576 4113 extra
2639 4049 2977 4135 regnum.

633 4157 839 4235 Unde
887 4157 1102 4234 dicit:
1156 4164 1244 4233 Se
1267 4160 1319 4231 'l
1350 4166 1601 4250 pastor
1650 4160 1726 4231 di
1781 4162 2118 4247 Cosenza,
2155 4159 2338 4232 idest
2395 4157 2981 4253 archiepiscopus

633 4279 1012 4354 Consanus
1039 4266 1139 4373 (⁴),
1175 4282 1293 4352 che
1319 4284 1400 4373 su
1426 4300 1675 4371 messO,
1704 4278 1910 4371 idest,
1937 4278 2245 4373 legatuS,
2276 4300 2408 4370 per
2448 4280 2804 4368 Clemente,
2840 4275 2981 4349 sci-

633 4398 799 4474 licet
849 4419 1138 4494 papam,
1205 4402 1441 4473 allora
1492 4402 1638 4473 alla
1689 4400 1926 4471 caccia
1973 4400 2050 4470 di
2098 4418 2231 4488 me,
2274 4398 2477 4491 idest,
2528 4397 2622 4471 ad
2672 4380 2980 4491 inquisi-

633 4518 907 4595 tionem
974 4525 1048 4595 et
1115 4518 1701 4615 persecutionem
1769 4517 2098 4613 corporis
2161 4518 2330 4611 mei,
2396 4538 2633 4590 avesse
2691 4520 2763 4590 in
2838 4519 2981 4589 Dio

633 4639 762 4713 ben
811 4643 972 4713 tetta
1019 4646 1260 4733 questa
1303 4642 1560 4733 faccia,
1623 4638 1915 4731 scilicet,
1985 4636 2505 4712 misericordiae
2566 4636 2717 4732 Dei,
2772 4635 2979 4729 idest,

632 4759 690 4832 si
741 4757 1034 4835 vidisset
1081 4779 1205 4833 me
1256 4758 1822 4833 misericorditer
1873 4764 2255 4853 receptum
2300 4765 2375 4832 et
2422 4756 2735 4853 salvum,
2786 4758 2980 4834 sicut

635 4886 716 4953 tu
777 4900 904 4953 me
970 4878 1197 4973 videS,
1247 4882 1294 4953 t·
1320 4900 1484 4953 ossa
1519 4882 1648 4953 del
1691 4899 1908 4971 corpo
1961 4882 2100 4951 mio
2149 4882 2421 4952 seriano
2483 4898 2782 4971 ancora,
2834 4880 2977 4954 sci-

756 5066 812 5129 (¹)
843 5064 894 5115 S·
927 5068 1138 5129 reperit.
1742 5062 1800 5126 (²)
1832 5064 1893 5115 E.
1925 5066 2190 5116 Ludovici.

759 5141 812 5206 (³)
843 5143 907 5194 B·
939 5147 1002 5194 ut
1031 5142 1230 5206 scripsi.
1744 5142 1798 5206 (⁸)
1829 5142 1892 5193 E.
1922 5141 2239 5193 Concutiunt.
