4392 6850
1374 888 1470 955 98
2090 898 2499 955 coMENTuu
2548 898 2995 954 punexronn

1372 1044 1620 1130 firmat
1671 1067 1774 1142 se,
1825 1052 1900 1121 et
1947 1044 2233 1120 dubitat
2282 1063 2451 1140 quae
2510 1063 2700 1118 nova
2759 1042 2873 1117 isti
2932 1047 3245 1138 portant.
3308 1043 3397 1117 Et
3454 1042 3719 1118 merito

1369 1172 1587 1260 poeta
1639 1165 1847 1263 fingit
1898 1164 2098 1261 quod
2147 1164 2260 1240 isti
2314 1163 2770 1240 firmaverint
2795 1155 2869 1256 (¹)
2924 1183 3006 1238 se
3052 1161 3493 1258 dubitantes,
3547 1163 3720 1258 quia

1374 1286 1486 1360 isti
1531 1286 2027 1382 mirabantur,
2079 1285 2279 1381 quod
2320 1284 2453 1381 ipsi
2484 1284 2634 1360 duo
2668 1285 2798 1359 soli
2834 1284 3035 1359 ibant
3070 1304 3329 1358 versus
3362 1305 3489 1360 eos
3522 1285 3723 1360 mul-

1375 1413 1510 1502 toS,
1549 1406 1799 1483 relicta
1852 1429 2031 1484 vera
2065 1407 2184 1481 via
2218 1404 2652 1480 ascendendi
2692 1404 2787 1479 ad
2830 1409 3185 1498 montem,
3220 1411 3297 1479 et
3329 1403 3723 1480 veniebant

1374 1532 1525 1601 tam
1579 1526 1815 1602 festini
1866 1548 2038 1602 cum
2095 1525 2226 1622 ipsi
2275 1526 2466 1602 irent
2501 1531 2649 1600 tam
2691 1524 2889 1600 lenti.
2918 1565 3017 1578 —
3051 1529 3113 1598 O
3144 1525 3293 1598 ben.
3331 1523 3461 1598 Hic
3503 1531 3721 1620 poeta

1375 1647 1575 1742 ponit
1625 1647 2032 1722 orationem
2084 1644 2360 1743 Virgilii
2400 1644 2492 1722 ad
2528 1645 2686 1721 illos
2724 1645 3041 1742 spirituS,
3085 1644 3213 1740 qui
3246 1651 3547 1740 captans
3584 1646 3719 1720 be-

1376 1769 1866 1844 nevolentiam
1918 1768 2097 1865 petit
2152 1768 2249 1842 ab
2309 1767 2444 1841 illis
2508 1765 2601 1842 de
2654 1767 2773 1842 via
2825 1766 3149 1860 faciliori,
3172 1765 3445 1842 dicens
3497 1786 3715 1863 ergo:

1390 1892 1678 1980 Viryilio
1723 1880 2160 1979 incomincio,
2210 1888 2468 1984 supple
2526 1887 2772 1962 dicere
2798 1877 2871 1980 (²)
2926 1907 3023 1961 ne
3080 1893 3365 1962 teneret
3412 1906 3543 1962 eos
3590 1907 3721 1960 su-

1375 2029 1676 2105 spensos
1736 2010 1811 2083 in
1879 2009 2124 2104 dubio,
2177 2031 2222 2082 o
2272 2009 2403 2082 ben
2444 2011 2648 2101 finiti,
2700 2007 2773 2082 in
2830 2007 3142 2082 articulo
3203 2006 3479 2101 mortiS,
3545 2005 3718 2100 quia

1377 2129 1651 2205 scilicet
1699 2130 1771 2203 in
1822 2130 1969 2205 fine
2028 2128 2337 2205 rediistis
2404 2129 2495 2203 ad
2564 2128 2827 2222 Deum,
2892 2132 2967 2201 et
3029 2147 3413 2222 nunquam
3484 2125 3721 2221 poeni-

1379 2249 1602 2324 tentia
1654 2257 1890 2347 potest
1928 2269 2088 2324 esse
2139 2250 2371 2344 tarda,
2422 2269 2468 2322 o
2506 2237 2631 2340 ρίὰ
2660 2250 2890 2342 spiriti
2935 2249 3136 2336 electi,
3169 2246 3297 2340 qui
3338 2248 3497 2342 jam
3548 2246 3723 2322 estis

1377 2369 1558 2444 certi
1609 2368 1703 2444 de
1753 2370 2010 2464 salute,
2046 2371 2270 2442 ditene
2300 2371 2477 2442 dove
2510 2371 2585 2442 la
2623 2375 3011 2460 montayna
3037 2353 3244 2460 'piace
3268 2373 3307 2440 ,⁹
3346 2366 3551 2461 idest,
3596 2367 3723 2442 ubi

1379 2488 1495 2562 via
1546 2488 1980 2564 ascendendi
2029 2488 2122 2565 ad
2175 2499 2503 2565 montem
2556 2495 2667 2564 est
2716 2487 3097 2583 declivior3
3150 2485 3349 2564 unde
3396 2487 3613 2561 dicit:
3662 2479 3725 2560 si

1379 2611 1499 2682 che
1536 2611 1831 2703 possibil
1873 2613 1984 2684 sia
2047 2613 2091 2682 l’
2116 2613 2357 2684 andar
2402 2612 2479 2684 in
2526 2631 2716 2700 sus-0,
2768 2609 3039 2684 scilicet
3088 2608 3362 2684 bomini
3428 2609 3719 2685 viventi.

1380 2729 1521 2804 Sed
1569 2729 1812 2805 adhuc
1864 2751 2008 2804 non
2061 2730 2474 2806 manifestat
2522 2731 2665 2805 hoc
2713 2729 2841 2824 eiS,
2875 2729 3002 2804 sed
3040 2735 3375 2824 expectat
3414 2729 3723 2804 reddere
3772 2711 3779 2718 ’

1379 2871 1507 2926 eos
1558 2851 1790 2947 magis
1839 2851 2259 2946 benevoloS,
2296 2849 2590 2945 quando
2632 2849 2798 2945 plus
2824 2839 2899 2942 (³)
2938 2849 3407 2927 mirabuntur
3455 2849 3549 2924 de
3587 2850 3723 2923 ho-

1385 2969 1584 3045 mine
1654 2971 1847 3065 vivo,
1911 2978 1998 3045 ut
2063 2971 2305 3045 statim
2366 2969 2678 3065 patebit3
2744 2975 2820 3044 et
2874 2969 3165 3044 adiurat
3212 2989 3342 3044 eos
3389 2969 3720 3064 dulciter,

1380 3089 1676 3165 dicens:
1725 3113 1858 3184 per
1909 3093 2137 3183 quella
2192 3111 2397 3183 pace,
2462 3089 2755 3184 scilicet,
2818 3096 3197 3185 aeternam,
3267 3091 3369 3164 ch'
3392 3094 3463 3163 io
3511 3093 3723 3164 credo

1383 3213 1504 3284 che
1533 3233 1668 3304 per
1720 3214 1836 3286 voi
1881 3215 2032 3284 tutti
2076 3214 2135 3283 s'
2161 3213 2432 3304 aspecti,
2485 3211 2659 3306 quia
2706 3231 2965 3286 omnes
2998 3211 3110 3284 isti
3151 3211 3225 3286 in
3258 3211 3405 3286 vita
3440 3212 3727 3288 babue-

1383 3337 1547 3406 rant
1596 3331 1872 3406 bellum
1925 3352 2095 3406 cum
2152 3332 2328 3427 Deo,
2378 3337 2719 3430 gerentes
2770 3331 3043 3406 bellum
3080 3331 3347 3407 iniuste
3379 3354 3553 3408 cum
3600 3353 3726 3408 ec-

1386 3453 1607 3529 clesia
1655 3454 1810 3549 Dei,
1863 3452 1989 3529 sed
2039 3454 2115 3527 in
2177 3453 2321 3529 fine
2384 3453 2735 3549 pacificati
2802 3460 2974 3528 sunt
3029 3454 3223 3549 Deo;
3286 3454 3450 3529 ideo
3500 3475 3727 3551 expe-

1387 3580 1588 3649 ctant
1663 3574 2064 3649 certissime
2133 3594 2391 3671 pacem
2468 3580 2629 3668 post
2693 3574 2970 3668 justam
3034 3576 3571 3673 purgationem.
3639 3578 3726 3651 Et

1382 3694 1770 3770 confirmat
1814 3694 2154 3791 Virgilius
2187 3715 2399 3769 suam
2436 3694 2857 3790 petitionem
2894 3694 3051 3770 fore
3073 3696 3556 3792 justissimam
3592 3718 3725 3792 per

1386 3836 1611 3889 unam
1675 3816 2106 3890 sententiam
2179 3814 2727 3909 nobilissimam,
2791 3813 3085 3891 dicens:
3162 3819 3281 3890 che
3350 3820 3409 3891 il
3458 3820 3725 3911 perdet·

1383 3942 1606 4028 tempo
1645 3956 1694 4009 a
1725 3938 1833 4008 chi
1857 3930 1980 4027 pit}
2001 3957 2088 4008 sa
2116 3930 2245 4028 pia
2268 3937 2541 4028 spiace:
2575 3934 2711 4009 ista
2744 3941 2854 4009 est
2880 3934 3329 4011 sanctissima
3364 3937 3721 4013 sententia

1382 4056 1714 4129 omnium
1767 4054 2198 4149 sapientum.
2258 4054 2399 4129 Sed
2457 4061 2541 4128 ut
2602 4054 2937 4131 omittam
2998 4055 3189 4131 dicta
3248 4063 3720 4154 caeterorum,
3790 4103 3803 4113 -

1383 4173 1536 4269 ipse
1584 4174 1924 4269 Virgilius
1984 4174 2521 4271 elegantissime
2581 4174 2718 4251 hoc
2768 4176 3057 4271 clamat,
3110 4176 3238 4249 ubi
3302 4176 3518 4251 dicit:
3572 4182 3727 4253 Stat

1381 4316 1514 4368 sua
1562 4297 1799 4389 cuique
1848 4297 1994 4368 dies
2009 4320 2034 4367 .-
2083 4295 2291 4369 breve
2338 4301 2405 4368 et
2430 4296 2894 4387 irreparabile
2928 4303 3214 4389 tempus,
3258 4298 3588 4373 omnibus
3628 4305 3730 4373 est

1383 4419 1540 4489 vitoe
1551 4442 1581 4509 ,·
1630 4419 1756 4491 sed
1779 4420 2055 4510 samam
2088 4418 2462 4489 eoetendere
2504 4419 2736 4511 factt's,
2786 4421 2943 4489 Hoc
2992 4420 3260 4493 virtutis
3308 4438 3503 4511 opus.
3556 4418 3725 4495 Ideo

1383 4535 1576 4611 bene
1623 4536 2233 4632 prudentissimus
2295 4536 2564 4611 Dantes
2629 4536 2757 4631 qui
2808 4537 2980 4612 satis
3031 4558 3220 4614 vane
3278 4542 3727 4635 expenderat

1387 4676 1737 4752 magnam
1787 4663 2071 4752 partem
2117 4676 2275 4731 suae
2308 4657 2497 4752 vitae,
2534 4677 2732 4733 nunc
2766 4656 3125 4753 reliquam
3162 4664 3449 4753 partem
3486 4660 3729 4736 brevis

1385 4778 1736 4873 temporis
1785 4778 2193 4854 conabatur
2232 4778 2423 4853 bene
2474 4777 2892 4873 expendere
2941 4777 3267 4855 faciendo
3318 4779 3510 4855 istud
3560 4802 3731 4856 san-

1512 5028 1567 5093 (¹)
1598 5028 1649 5080 S.
1682 5029 1800 5079 firm
1803 5042 1996 5081 aaaaa
1999 5036 2036 5082 t.
2220 5032 2275 5093 (⁸)
2308 5032 2367 5083 E.
2400 5031 2571 5082 dicere
2601 5031 2707 5081 illis
2736 5044 2843 5103 nc..
3005 5031 3060 5095 (³)
3092 5031 3143 5083 S.
3176 5032 3293 5097 plus
3320 5032 3661 5085 mirabantur.
