4392 6850
1451 942 1592 1010 180
2165 951 2575 1008 commun
2622 953 3065 1009 ruaeuoan

1346 1121 1350 1124 ’
1447 1120 1619 1194 quae
1667 1099 1953 1173 solebas
1999 1115 2161 1172 esse
2189 1089 2265 1190 (⁹)
2298 1097 2699 1192 liberrima,
2736 1103 2811 1172 et
2842 1097 3123 1172 donare
3159 1097 3573 1173 libertatem
3608 1117 3788 1193 gen-

1445 1219 1664 1314 tibus,
1701 1225 1787 1292 ut
1831 1217 1978 1292 dixi
2031 1217 2351 1313 capitulo
2383 1217 2625 1312 primo
2664 1218 2884 1292 huius
2917 1218 3107 1314 libri,
3142 1221 3217 1292 di
3248 1221 3497 1292 dolore
3526 1219 3787 1308 ostelia,

1447 1339 1651 1434 idest,
1719 1336 2110 1433 hospitium
2193 1343 2269 1411 et
2330 1337 2809 1434 domicilium,
2869 1339 3087 1434 juxta
3154 1338 3372 1414 illud:
3427 1343 3698 1412 Nessun
3756 1334 3794 1412 e*

1447 1461 1777 1551 Μαρσῶν
1816 1459 2053 1549 dolor,
2087 1463 2229 1532 etc.
2248 1497 2369 1552 —-,
2402 1479 2585 1532 nave
2614 1479 2834 1532 sacza
2868 1461 3259 1552 noccltoem,
3293 1458 3501 1554 idest,
3532 1459 3790 1534 carens

1444 1579 1771 1676 principe
1817 1579 2345 1676 gubernatore,
2412 1582 2489 1652 in
2534 1599 2729 1670 aran
2792 1586 3143 1673 tempesta,
3206 1601 3355 1654 non
3408 1583 3653 1654 donna
3716 1583 3789 1654 di

1434 1702 1823 1794 premnt-ie,
1875 1719 2044 1794 quae
2093 1699 2379 1774 solebas
2428 1719 2591 1774 esse
2642 1698 2899 1796 regina
2958 1719 3391 1797 regnorum,
3440 1721 3560 1774 ma
3618 1701 3787 1773 bor-

1440 1823 1646 1896 dello.
1700 1820 1788 1894 Et
1837 1826 2010 1895 nota
2061 1820 2569 1914 metaphoram
2617 1820 2993 1916 pulcram3
3042 1820 3228 1896 sicut
3288 1820 3485 1896 enim
3536 1821 3613 1894 in
3669 1819 3786 1894 lu-

1443 1939 1704 2037 panari
1769 1939 2109 2015 venditur
2173 1959 2349 2014 caro
2418 1941 2745 2014 humana
2806 1939 3041 2036 pretIo
3100 1941 3259 2016 sine
3316 1941 3625 2037 pudore,
3688 1941 3785 2016 ita

1445 2061 1798 2137 meretrix
1851 2081 2118 2156 magna
2148 2051 2251 2155 (¹),
2304 2059 2487 2136 idest
2534 2060 2743 2135 curia
2796 2081 3129 2155 romana,
3171 2067 3244 2137 et
3292 2061 3503 2137 curia
3552 2061 3785 2156 impe—
3916 2073 3919 2076 ’

1445 2181 1643 2258 rialis
1705 2180 2034 2257 vendunt
2082 2180 2497 2255 libertatem
2553 2181 2896 2256 italicam.
2951 2180 3153 2257 Sicut
3212 2183 3437 2259 etiam
3500 2182 3593 2257 ad
3650 2203 3784 2278 po-

1445 2303 1834 2379 stribulum
1891 2300 2168 2376 vadunt
2216 2299 2717 2376 indifferenter
2750 2321 3009 2378 omnes
3055 2305 3383 2380 volentes
3430 2322 3606 2379 cum
3656 2303 3786 2378 de·

1443 2421 1854 2516 lectatione,
1925 2421 2022 2496 ita
2089 2419 2183 2494 ad
2252 2419 2531 2495 Italiam
2598 2431 3053 2498 concurrunt
3118 2443 3379 2499 omnes
3450 2423 3784 2499 barbarae

1444 2544 1775 2619 nationes
1809 2562 1980 2616 cum
2017 2539 2363 2616 aviditate
2394 2541 2487 2616 ad
2522 2540 2751 2637 ipsam
2790 2543 3365 2619 conculcandam
3402 2549 3779 2637 tamquam

1441 2663 1908 2739 meretricem
1961 2661 2451 2758 prostitutam.
2504 2661 2593 2737 Et
2639 2663 2961 2760 assignat
3008 2671 3227 2759 poeta
3276 2684 3576 2738 causam
3630 2683 3781 2737 suae

1443 2782 1995 2860 exclamationis
2045 2782 2429 2876 dolorosae,
2461 2781 2743 2858 dicens:
2786 2783 3005 2872 Qud?
3027 2787 3269 2858 anima
3299 2786 3537 2875 yentil,
3576 2783 3779 2876 idest,

1439 2904 1838 2998 SordelluS,
1890 2923 2070 2979 vere
2121 2903 2379 2978 nobilis
2430 2902 2701 2978 virtute
2750 2903 2997 2999 animi,
3047 2911 3135 2978 ut
3182 2904 3471 3000 audisti,
3517 2909 3601 3000 fia
3640 2897 3783 2980 cosi

1435 3032 1679 3120 presta
1721 3027 1800 3098 di
1829 3029 1994 3118 sare
2042 3026 2122 3096 al
2165 3026 2453 3096 cicladin
2500 3043 2627 3096 suo
2676 3027 2866 3116 quivi
2897 3027 3106 3117 festa,
3148 3025 3417 3102 scilieet
3457 3025 3779 3122 Virgilio,

1439 3149 1553 3220 sol
1586 3167 1725 3239 per
1783 3147 1853 3218 lo
1899 3147 2094 3218 dolce
2141 3164 2321 3217 saon
2378 3145 2465 3217 de
2522 3145 2595 3216 la
2652 3161 2785 3216 sua
2842 3151 3067 3235 terra,
3114 3143 3385 3219 scilicet
3416 3145 3777 3239 Mantuae3

1441 3272 1516 3342 et
1567 3273 1816 3341 tamen
1867 3271 2184 3360 uterque
2234 3271 2397 3338 erat
2446 3270 2813 3358 mortuuS,
2848 3271 2923 3339 et
2966 3285 3162 3338 unus
3196 3286 3611 3360 numquam
3646 3287 3779 3341 no-

1442 3393 1652 3463 verat
1701 3387 2042 3481 alterum,
2093 3405 2269 3461 cum
2321 3383 2663 3481 Virgilius
2706 3382 2929 3461 fuerit
2974 3405 3107 3480 per
3156 3391 3265 3461 tot
3313 3386 3561 3462 secula
3610 3393 3781 3463 ante

1440 3508 1902 3602 Sordellum3
1955 3514 2022 3580 et
2063 3528 2201 3580 ora
2248 3509 2323 3580 in
2372 3512 2435 3579 te
2482 3526 2629 3579 non
2674 3510 2931 3577 sturmo
2972 3526 3193 3579 senza
3224 3527 3493 3597 quma
3542 3510 3595 3581 li
3642 3510 3778 3581 vivi

1438 3634 1608 3721 acui,
1661 3628 1952 3722 scilicet,
2005 3627 2362 3702 moderno
2414 3633 2771 3722 tempore,
2820 3624 2949 3719 qui
2998 3646 3197 3701 nunc
3245 3626 3507 3702 vivunt
3556 3629 3631 3702 in
3681 3636 3775 3724 te,

1437 3750 1676 3843 Italia3
1729 3756 1804 3823 et
1853 3748 2052 3843 quod
2101 3748 2311 3843 peius
2360 3752 2493 3841 est,
2544 3768 2693 3822 non
2752 3747 2911 3822 sine
2962 3747 3155 3822 civili
3214 3748 3405 3825 hello
3454 3757 3530 3825 et
3578 3751 3781 3846 plus-

1438 3892 1666 3967 quam
1718 3868 1927 3944 civili.
1981 3869 2186 3943 Unde
2236 3868 2446 3943 dicit:
2482 3890 2521 3941 e
2552 3870 2598 3941 ἴ
2622 3888 2720 3941 tm
2760 3871 2806 3942 ἴ
2832 3868 3021 3942 altro
3056 3872 3121 3942 si
3148 3873 3351 3961 rode,
3390 3881 3773 3965 tamquam

1437 3982 1681 4085 cariffi,
1734 3992 1810 4065 di
1857 3993 2013 4082 quei
2059 3990 2163 4062 ch'
2185 4010 2281 4062 un
2334 4008 2541 4061 muro
2578 3996 2649 4062 et
2694 4008 2840 4061 una
2873 3992 3075 4083 fossa
3122 4012 3360 4082 sem-a,
3400 3990 3606 4085 idest,
3650 3992 3777 4086 qui

1434 4111 1760 4187 habitant
1811 4110 1884 4184 in
1933 4110 2196 4187 eadem
2248 4109 2541 4185 civitate
2590 4109 2707 4185 vel
2756 4116 2979 4206 terra,
3014 4116 3089 4186 et
3132 4110 3393 4187 eadem
3446 4112 3671 4187 domo
3700 4119 3775 4187 et

1435 4234 1694 4311 eadem
1745 4252 1955 4327 arca3
2007 4230 2182 4326 quia
2232 4230 2442 4307 multi
2494 4230 2621 4325 qui
2660 4230 2734 4305 in
2771 4237 3011 4307 morte
3044 4232 3499 4327 sepeliuntur
3528 4232 3771 4327 simul,

1437 4378 1584 4431 non
1645 4360 1950 4451 possunt
2015 4360 2213 4428 stare
2268 4352 2487 4425 simul
2550 4352 2627 4425 in
2686 4350 2855 4426 vita.
2890 4388 2992 4407 -·-
3022 4356 3267 4445 Ger-ca,
3318 4357 3594 4427 misera.
3644 4352 3775 4428 Htic

1434 4484 1650 4572 poeta
1695 4474 2092 4549 revertitur
2125 4473 2220 4547 ad
2254 4470 2817 4547 exclamandum
2854 4478 3111 4548 contra
3143 4472 3447 4567 Italiam,
3482 4478 3557 4547 et
3596 4492 3767 4547 con-

1437 4598 1738 4671 firmans
1787 4596 1984 4690 quod
2033 4594 2233 4690 dixit,
2286 4593 2493 4669 dicit:
2547 4613 2592 4665 ο
2640 4596 2930 4685 misem,
2966 4592 3260 4687 scilicet,
3296 4592 3519 4687 ltalia,
3560 4592 3771 4667 cuius

1435 4718 1680 4792 nullus
1714 4715 2132 4811 miseretur,
2155 4736 2361 4789 cer-ca
2396 4718 2682 4788 ίπωηιο
2714 4712 2900 4787 dalle
2926 4716 3178 4807 prode,
3220 4710 3428 4809 idest,
3464 4713 3675 4809 ripae,
3714 4716 3777 4788 le

1557 5007 1612 5067 (¹)
1643 5006 1707 5056 E.
1738 5016 1850 5054 enee
1881 5004 2042 5055 libera
2073 5007 2127 5055 et
2157 5004 2441 5055 liberrima.

1559 5084 1612 5146 (²)
1648 5086 1754 5143 11⁷,
1788 5096 1972 5146 magna
2004 5082 2055 5133 in
2089 5084 2235 5133 curta
2265 5094 2478 5133 romana
2508 5086 2563 5133 et
2592 5080 2741 5132 curia
2772 5080 3025 5145 imperiali
3057 5079 3231 5132 vendit
3260 5080 3569 5131 neruum.
