4392 6850
1401 973 1678 1029 cmm-us
1728 974 2118 1030 sEctmnus.
2834 963 2928 1029 6¹7

575 1121 930 1215 colorem,
966 1121 1156 1194 sicut
1205 1125 1316 1194 est
1365 1118 1458 1194 de
1509 1119 1802 1196 natura'
1832 1119 2150 1212 timoris;
2192 1119 2345 1193 imo
2392 1119 2789 1214 aliquando
2828 1119 2927 1193 ita

575 1241 922 1338 opprimit
978 1239 1435 1336 phantasiam
1507 1240 1704 1334 quod
1774 1240 2022 1337 lingua
2088 1240 2361 1336 ligatur
2417 1240 2517 1315 ita
2588 1247 2671 1314 ut
2728 1241 2929 1335 loqui

578 1381 728 1438 non
779 1361 1022 1456 possit.
1080 1360 1200 1434 Isti
1267 1365 1522 1436 autem
1591 1360 2056 1435 mirabantur
2121 1361 2215 1434 de
2278 1381 2363 1436 re
2429 1343 2650 1436 nova*
2684 1368 2759 1436 et
2816 1361 2929 1436 in-

579 1489 815 1576 sueta,
851 1482 1124 1558 scilicet
1157 1481 1354 1576 quod
1393 1502 1586 1556 unus
1621 1481 1874 1556 vivens
1909 1481 2227 1556 venisset
2260 1481 2352 1556 ad
2388 1482 2927 1578 purgatorium,

583 1610 658 1678 et
706 1623 838 1697 per
887 1603 1106 1678 aliam
1171 1603 1364 1677 viam
1433 1623 1660 1697 quam
1729 1603 1903 1698 ipsi3
1969 1602 2123 1698 ipse
2181 1603 2377 1676 enim
2443 1610 2749 1678 venerat
2798 1623 2929 1698 per

583 1730 886 1817 terram,
938 1723 1038 1797 illi
1089 1743 1271 1798 vero
1323 1743 1456 1817 per
1505 1743 1762 1818 mare3
1815 1728 1890 1796 et
1939 1721 2318 1796 moraliter
2372 1723 2737 1816 loquendo
2788 1723 2931 1796 mi—

587 1845 944 1920 rabantur
994 1844 1191 1939 quod
1242 1843 1396 1939 ipse
1445 1845 1645 1918 solus
1695 1843 1886 1918 inter
1935 1849 2068 1937 tot,
2117 1849 2291 1917 ante
2340 1849 2633 1938 tempus
2680 1853 2755 1920 et
2792 1844 2931 1918 ho-

587 1987 746 2042 ram
799 1966 1056 2040 mortis
1105 1970 1406 2041 venerat
1463 1964 1556 2039 ad
1608 1964 2136 2060 poenitentiam,
2189 1983 2417 2057 quam
2480 1963 2577 2036 illi
2628 1963 2931 2038 distule—

586 2091 752 2161 rant
805 2106 1040 2180 usque
1090 2086 1162 2158 in
1215 2084 1458 2159 finem.
1513 2085 1600 2158 Et
1650 2083 1964 2160 ostendit
2015 2083 2389 2178 quomodo
2444 2103 2703 2158 omnes
2754 2103 2929 2158 cum

583 2227 876 2281 summa
931 2205 1332 2280 festinantia
1385 2210 1928 2280 concurrerunt
1979 2205 2168 2278 sicut
2197 2197 2272 2296 (¹)
2310 2204 2379 2277 in
2434 2203 2777 2278 omnibus
2812 2223 2935 2278 re·

581 2326 720 2400 bus
772 2325 1104 2401 videmus
1153 2325 1512 2420 accidere,
1566 2326 1764 2420 quod
1814 2326 1907 2400 ad
1971 2346 2162 2400 nova
2231 2325 2564 2399 homines
2616 2345 2935 2399 concur-

583 2453 791 2540 runt3
828 2453 902 2520 et
935 2447 1076 2520 boc
1109 2467 1240 2540 per
1274 2446 1900 2541 comparationem
1939 2445 2150 2520 valde
2181 2446 2461 2520 claram
2498 2445 2591 2520 de
2624 2464 2935 2520 cursore

584 2568 708 2664 qui
759 2573 1000 2663 portat
1047 2567 1350 2642 olivum.
1404 2567 1588 2642 Dicit
1638 2587 1858 2663 ergo:
1917 2588 1956 2640 e
2005 2569 2223 2660 quelle
2273 2571 2505 2640 anime
2547 2571 2933 2662 fortunate,

585 2690 758 2783 quia
809 2689 1062 2763 electae
1110 2693 1185 2762 et
1229 2687 1379 2783 J‘am
1435 2693 1658 2762 certae
1707 2687 1800 2762 de
1849 2688 2108 2782 salute,
2162 2694 2321 2761 tutte
2371 2695 2624 2780 quance
2670 2691 2728 2760 s’
2748 2691 2937 2779 affis-

584 2831 756 2884 saro
805 2812 884 2882 al
927 2811 1070 2882 mio
1119 2811 1296 2899 vise,
1327 2809 1551 2911 idest,
1603 2828 1862 2882 omnes
1913 2807 2403 2882 firmaverunt
2464 2829 2543 2882 se
2601 2815 2775 2883 ante
2824 2809 2937 2883 sa-

587 2931 774 3006 ciem
827 2950 1074 3006 meam
1127 2936 1202 3004 et
1253 2949 1375 3004 me
1426 2929 1908 3024 respiciebant
1941 2929 2152 3023 quasi
2189 2929 2537 3025 angelum
2594 2930 2933 3003 nuntium

587 3049 899 3143 Domini,
951 3054 1157 3142 quasi
1219 3049 1550 3124 obliando
1609 3051 1678 3123 d'
1702 3053 1810 3124 ire
1867 3070 1914 3121 a
1975 3051 2164 3144 sarsi
2224 3050 2415 3141 belle,
2466 3049 2673 3144 idest,
2727 3051 2939 3144 quasi

587 3169 1081 3245 obliviscendo
1132 3169 1242 3244 ire
1289 3169 1382 3244 ad
1453 3176 1808 3263 montem,
1873 3169 1966 3244 de
2029 3170 2245 3244 cuius
2311 3169 2428 3244 via
2486 3171 2709 3264 paulo
2766 3177 2939 3246 ante

589 3291 976 3386 petebant3
1011 3289 1086 3364 in
1121 3309 1270 3384 quo
1305 3289 1602 3383 quidem
1645 3296 1896 3364 monte
1933 3289 2203 3364 animae
2238 3289 2421 3363 fiunt
2456 3291 2731 3385 pulcrae
2767 3291 2939 3386 quia

587 3395 1004 3508 purgantur
1055 3416 1130 3485 et
1177 3410 1522 3485 lavantur
1562 3410 1658 3485 ab
1698 3409 1899 3487 omni
1951 3409 2386 3506 contagione
2436 3409 2807 3485 vitiorum.
2852 3412 2941 3485 Et

587 3539 928 3607 notanter
975 3531 1146 3607 dicit
1197 3534 1424 3623 quasi,
1477 3530 1652 3625 quia
1705 3530 2044 3624 quamvis
2096 3529 2525 3605 viderentur
2574 3531 2941 3607 dimittere

590 3651 784 3726 viam
845 3672 1057 3729 suam
1119 3671 1384 3746 parum
1453 3649 1817 3725 firmando
1887 3671 1989 3745 se,
2043 3657 2294 3739 tamen
2350 3651 2943 3748 imaginabantur

595 3793 741 3846 non
790 3771 1100 3867 perdere
1153 3777 1444 3867 tempus
1513 3777 1588 3845 et
1651 3790 1980 3866 operam,
2033 3771 2092 3845 si
2153 3770 2498 3846 videbant
2564 3772 2943 3846 hominem

595 3892 1071 3968 constitutum
1125 3892 1198 3965 in
1249 3900 1453 3969 tanta
1503 3892 1741 3988 gratia
1777 3890 2029 3966 vivum
2069 3890 2178 3965 ire
2213 3911 2345 3986 per
2388 3892 2943 3988 purgatorium:

595 4019 670 4087 et
717 4012 1076 4087 faciebant
1125 4033 1172 4085 a
1221 4012 1460 4106 simili,
1511 4003 1654 4085 cosi
1701 4032 1894 4085 come
1953 4014 2026 4084 la
2091 4018 2289 4103 yeme
2356 4019 2607 4103 traqqe
2664 4032 2711 4083 a
2762 4032 2947 4083 mes-

594 4152 856 4223 sayyer
903 4136 1025 4205 che
1063 4141 1284 4225 porta
1329 4136 1543 4223 αἰὶυο,
1589 4152 1724 4225 per
1771 4134 1936 4205 udir
1993 4134 2283 4222 novelle,
2334 4131 2565 4206 avidis
2614 4131 2945 4225 auribuS,

595 4273 634 4324 e
679 4254 755 4325 di
803 4256 1048 4327 calcar
1097 4273 1350 4327 nessun
1379 4256 1442 4327 si
1473 4259 1742 4325 nwstra
1775 4254 2034 4343 schim,
2073 4251 2247 4347 quia
2287 4252 2361 4326 in
2396 4252 2521 4326 tali
2574 4259 2738 4327 actu
2779 4253 2949 4326 nul-

599 4372 712 4447 lus
761 4380 1060 4467 praestat
1110 4373 1602 4449 reverentiam
1659 4372 1866 4448 alteri
1903 4371 2229 4447 cedendo
2268 4372 2423 4447 sibi.
2470 4373 2559 4445 Et
2608 4372 2723 4446 bic
2774 4380 2947 4448 nota

600 4500 963 4588 quantum
1017 4495 1467 4590 comparatio
1535 4501 1647 4569 est
1708 4494 2002 4590 propria
2062 4494 2154 4568 ad
2212 4494 2691 4590 propositum.
2764 4494 2945 4567 Nam

601 4619 816 4709 poeta
864 4620 1114 4690 noster
1157 4622 1318 4691 erat
1351 4634 1590 4691 novus
1623 4614 1927 4687 nuntius
1957 4620 2259 4709 portans
2292 4615 2487 4688 bona
2524 4634 2740 4708 nova,
2779 4613 2953 4708 quia

603 4734 916 4813 faciebat
967 4756 1241 4811 novum
1267 4726 1342 4828 (¹)
1377 4756 1586 4831 opuS,
1623 4742 1698 4810 et
1737 4735 1926 4811 bene
1975 4735 2315 4830 portabat
2366 4756 2659 4809 ramum
2710 4734 2951 4829 olivae,

604 4876 772 4951 quae
823 4863 934 4931 est
983 4856 1209 4931 arbor
1255 4856 1534 4953 gratiae,
1589 4856 1958 4951 sapientiae
2023 4862 2098 4931 et
2162 4856 2399 4951 pacis3
2452 4862 2527 4929 et
2576 4855 2713 4930 iste
2762 4855 2955 4929 filius

729 5122 784 5185 (¹)
815 5122 880 5172 Ε.
912 5122 1048 5174 sicut
1077 5136 1172 5175 noo
1203 5124 1274 5175 in.
1775 5120 1830 5183 Ρ)
1863 5122 1926 5171 Β.
1959 5121 2154 5173 bonum
2185 5136 2332 5185 opus.
