4392 6850
1390 981 1670 1038 CAN-rus
1707 983 2044 1040 ,marrus
2791 970 2885 1037 99

531 1131 736 1200 etum
789 1148 1000 1224 opus,
1050 1145 1186 1223 per
1235 1126 1434 1222 quod
1493 1127 1926 1204 extenderet
1989 1129 2265 1204 famam
2324 1134 2759 1224 perpetuam
2810 1135 2887 1204 et

530 1253 904 1341 quaereret
927 1248 1152 1322 vitam
1183 1253 1560 1322 aeternam.
1597 1247 1770 1323 Ideo
1803 1247 1994 1324 bene
2027 1246 2369 1346 Virgilius
2402 1248 2519 1323 bio
2552 1247 2883 1342 loquitur

529 1351 789 1444 eontra
839 1369 1013 1443 istos
1061 1373 1214 1442 tam
1268 1367 1744 1464 negligentes,
1788 1366 1917 1463 qui
1949 1368 2187 1462 primo
2233 1368 2624 1445 veniebant
2664 1369 2883 1462 lente,
2927 1365 2931 1370 ’

530 1487 794 1563 deinde
843 1488 1130 1562 stabant
1177 1486 1640 1564 adbaerentes
1691 1488 1920 1562 monti
1955 1488 2328 1564 inutiliter.
2357 1529 2458 1544 --
2490 1493 2715 1563 Come.
2752 1489 2883 1565 Hic

423 1627 434 1640 ·
531 1613 749 1702 poeta
801 1613 1049 1682 noster
1099 1606 1435 1702 ostendit,
1473 1627 1608 1701 per
1659 1628 1884 1682 unam
1937 1607 2561 1704 comparationem
2616 1629 2749 1704 per
2800 1629 2882 1684 se

533 1735 808 1824 notam,
863 1729 1184 1824 qualiter
1233 1728 1374 1803 illae
1425 1729 1694 1803 animae
1725 1749 1806 1804 se
1841 1727 2235 1804 habuerint
2284 1728 2377 1803 ad
2436 1729 2665 1804 verba
2715 1729 2882 1805 Vir-

530 1849 716 1946 gilii3
750 1855 826 1924 et
863 1849 1036 1926 dicit
1069 1848 1397 1925 breviter
1432 1848 1632 1945 quod
1674 1850 2002 1926 fecerunt
2037 1870 2251 1925 more
2282 1851 2677 1946 pecudum,
2713 1871 2884 1945 quae

534 1968 614 2043 in
663 1970 868 2045 omni
917 1993 1052 2046 sua
1101 1970 1391 2046 actione
1452 1971 1726 2046 faciunt
1787 1970 2134 2064 quicquid
2204 1969 2374 2044 facit
2438 1971 2881 2066 praecedens,

536 2090 718 2186 quia
772 2092 1006 2188 prima
1057 2092 1501 2186 retardante,
1551 2097 1839 2168 eaeterae
1899 2091 2315 2166 dubitantes
2366 2098 2881 2186 remorantur3

526 2217 604 2286 et
671 2211 772 2284 ita
841 2211 1078 2307 prima
1149 2217 1520 2306 movente,
1581 2218 1870 2286 caeterae
1929 2219 2370 2306 sequuntur,
2433 2232 2571 2287 nec
2628 2217 2882 2288 tamen

523 2330 768 2408 sciunt
819 2351 967 2426 quo
1021 2330 1342 2426 tendant,
1394 2351 1652 2426 quare,
1706 2330 1822 2408 vel
1873 2331 2269 2426 quomodo.
2322 2330 2593 2406 Ordina
2642 2332 2745 2406 sic
2794 2332 2881 2406 li-

524 2457 812 2526 teram:
865 2445 926 2524 si
975 2454 1203 2526 vid’io
1255 2455 1330 2526 la
1381 2459 1578 2543 testa,
1629 2450 1834 2547 idest,
1905 2452 2337 2548 principium
2394 2459 2467 2528 et
2518 2460 2761 2550 caput,
2808 2455 2887 2528 di

528 2573 756 2664 quella
807 2575 1144 2646 mandria
1187 2578 1578 2668 fortunata,
1632 2572 1838 2666 idest,
1882 2572 2072 2647 illius
2106 2573 2344 2646 turbae
2380 2593 2671 2669 magnae
2720 2573 2883 2648 ani-

533 2712 828 2768 marum
881 2693 1451 2787 fortunatarum,
1503 2693 1678 2788 quia
1729 2694 2274 2787 salvandarum,
2318 2696 2687 2786 pudicam
2722 2699 2881 2788 sac-

529 2815 642 2887 cia
689 2834 728 2886 e
776 2815 934 2888 ηεΙΓ
961 2815 1202 2888 andar
1251 2819 1518 2904 onesta,
1569 2813 1744 2908 quia
1792 2813 2311 2907 disponebatur
2373 2814 2467 2888 ad
2527 2821 2882 2911 purgato-

531 2933 753 3029 rium,
790 2953 962 3008 cum
1001 2939 1252 3008 tamen
1285 2933 1539 3008 fuisset
1572 2933 1646 3008 in
1682 2933 1826 3007 vita
1861 2927 1934 3026 (¹)
1961 2933 2325 3030 impudica
2362 2941 2437 3008 et
2476 2935 2880 3028 inhonesta,

529 3073 808 3126 movere
879 3075 930 3128 a
1003 3057 1231 3145 venir,
1297 3052 1588 3148 seilicet,
1661 3073 1918 3128 versus
1978 3074 2112 3129 nos
2184 3054 2279 3128 ad
2354 3054 2878 3129 ostendendam
2932 3061 2941 3077 “

529 3173 738 3249 nobis
788 3174 1011 3269 viam,
1048 3173 1222 3268 quia
1270 3173 1394 3248 diu
1447 3180 1622 3250 ante
1673 3195 1804 3248 nos
1853 3174 2147 3250 fuerant
2197 3173 2319 3268 ibi,
2366 3176 2636 3266 allona,
2670 3173 2877 3269 idest,

529 3299 730 3390 tune,
781 3314 829 3368 a
877 3294 1116 3387 simili,
1183 3315 1376 3368 come
1425 3297 1488 3368 le
1541 3296 1884 3386 pecorelle
1942 3315 2149 3368 escon
2195 3296 2313 3368 del
2366 3297 2624 3385 chiuso,
2674 3294 2879 3388 idest,

527 3413 822 3489 stabulo
871 3415 990 3491 vel
1041 3419 1270 3511 septo,
1307 3416 1408 3489 ad
1447 3436 1620 3506 una,
1655 3436 1705 3487 a
1753 3417 1911 3507 due,
1963 3436 2010 3487 a
2051 3423 2183 3507 tre,
2226 3420 2301 3489 et
2334 3414 2433 3489 ita
2467 3415 2559 3489 ad
2609 3413 2879 3510 plureS‚

525 3556 566 3607 e
613 3537 660 3607 Γ
687 3537 867 3609 alm
913 3541 1170 3609 stanno
1223 3537 1562 3629 timidam,
1598 3554 1692 3610 ex
1727 3533 2163 3631 ignorantia,
2198 3538 2639 3625 atter-rande,
2674 3534 2878 3628 idest,

526 3653 938 3730 inclinando
997 3654 1091 3729 ad
1159 3662 1462 3748 terram,
1513 3657 1560 3727 Γ
1585 3656 1822 3727 occhio
1887 3676 1926 3727 e
1969 3657 2024 3728 ’l
2069 3676 2269 3729 muso
2286 3681 2318 3748 ,·
2382 3655 2481 3728 ita
2547 3655 2881 3731 homines

525 3775 734 3851 velut
783 3774 1100 3871 pecudes
1153 3774 1547 3871 respiciunt
1589 3796 1742 3871 quo
1776 3774 2020 3853 vident
2051 3775 2234 3851 alios
2282 3775 2679 3871 respicere3
2715 3775 2881 3851 ideo

527 3894 745 3971 dicit:
798 3917 837 3968 e
883 3888 992 3969 eid
1039 3897 1160 3968 che
1202 3900 1288 3991 fa
1337 3898 1412 3969 la
1442 3898 1712 3989 pn‘ma,
1753 3918 1792 3969 e
1839 3899 1886 3969 Γ
1913 3898 2092 3971 altre
2119 3900 2373 3989 sanna,
2409 3895 2631 3970 etiam
2666 3895 2724 3969 si
2760 3895 2878 3969 illa

520 4016 698 4113 jacit
745 4036 827 4092 se
880 4016 956 4091 in
1005 4024 1348 4112 puteum;
1400 4018 1919 4091 addossandosi
1965 4037 2014 4090 a
2063 4019 2170 4111 lei,
2224 4016 2323 4091 ita
2372 4015 2586 4090 multi
2634 4015 2929 4097 adhae-,.

531 4145 692 4213 rent
741 4136 1061 4232 opinioni
1112 4146 1189 4214 et
1235 4138 1406 4212 vitae
1454 4137 1700 4233 unius,
1751 4144 1826 4213 et
1875 4137 1947 4211 in
2001 4138 2293 4213 foveam
2334 4137 2607 4213 eadunt
2657 4137 2879 4211 simul

529 4277 826 4353 secum3
879 4257 1021 4333 illae
1073 4257 1235 4333 dieo
1283 4257 1574 4351 animae,
1623 4261 1929 4351 semplici
1975 4280 2014 4331 e
2059 4266 2279 4353 queue,
2345 4258 2547 4354 idest,
2601 4258 2881 4355 ignarae

527 4384 605 4451 et
647 4384 1012 4453 eontentae
1048 4378 1122 4451 in
1155 4380 1334 4473 boe;
1387 4378 1586 4453 unde
1633 4378 1850 4453 dicit:
1885 4400 1924 4452 e
1957 4381 2026 4453 lo
2057 4375 2407 4473 imperche'
2440 4400 2585 4453 non
2616 4399 2879 4471 sanno,

527 4498 702 4593 quia
751 4498 1097 4597 ignorant
1143 4520 1468 4575 causam.
1521 4500 1610 4573 Et
1658 4498 1776 4575 bie
1827 4506 1995 4575 nota
2051 4499 2247 4595 quod
2282 4500 2735 4595 comparatio
2772 4500 2915 4587 vi-,

521 4618 742 4695 detur
801 4620 976 4695 satis
1037 4619 1357 4717 propria,
1427 4620 1602 4715 quia
1667 4620 1856 4697 sicut
1920 4642 2102 4719 grex
2167 4621 2421 4696 ovium
2488 4620 2879 4695 tacitarum

524 4739 960 4834 simplicium
1013 4740 1352 4836 sequitur
1403 4740 1962 4836 praecedentem,
2014 4746 2090 4817 et
2139 4741 2263 4815 illa
2304 4746 2529 4817 eunte
2579 4740 2879 4835 vadunt,

523 4865 604 4933 et
649 4860 772 4935 illa
823 4865 1088 4952 stante,
1139 4865 1372 4955 stant3
1408 4860 1508 4935 ita
1541 4860 1762 4936 turba
1803 4862 2037 4936 mulla
2069 4861 2489 4936 animarum
2534 4860 2881 4957 ignoran-

655 5110 713 5174 (¹)
743 5111 806 5163 B.
839 5112 896 5163 in
927 5112 1032 5165 viu
1063 5126 1157 5165 uua
1187 5113 1463 5177 impudica.
