4392 6850
1485 947 1625 1015 182
2208 957 2615 1016 coMEN'rUM
2663 961 3101 1016 ruaessonu

1482 1105 1803 1199 thorum,
1865 1109 1948 1178 ut
2009 1103 2267 1200 pulcre
2316 1104 2661 1180 scribitur
2718 1106 3037 1180 Paradisi
3098 1107 3416 1203 capitulo
3468 1107 3581 1204 Vl,
3630 1131 3707 1182 se
3754 1112 3829 1182 la

1477 1227 1650 1301 sella
1711 1221 1752 1298 e*
1809 1230 1972 1298 vota
1996 1230 2035 1297 ?
2107 1224 2401 1319 scilicet,
2468 1246 2777 1320 sessore,
2849 1226 3057 1321 idest,
3132 1227 3191 1302 si
3266 1229 3475 1304 sedes
3544 1227 3827 1325 imperii

1481 1351 1684 1420 caret
1736 1345 2207 1440 imperatore,
2254 1344 2383 1440 qui
2431 1350 2573 1418 stat
2622 1344 2697 1418 in
2746 1345 3162 1442 Germania,
3207 1354 3290 1422 ut
3328 1348 3571 1423 statim
3624 1354 3827 1445 pate-

1479 1465 1626 1560 hit,
1679 1472 1753 1540 et
1803 1464 2014 1540 dicit:
2067 1468 2259 1538 senz'
2282 1485 2437 1538 esso
2476 1470 2651 1560 sora
2682 1467 2757 1540 la
2790 1487 3155 1560 vet-qoam
3194 1488 3424 1560 mem,
3460 1468 3664 1563 idest,
3702 1489 3828 1544 ve-

1478 1586 1828 1661 recundia
1877 1585 2066 1660 foret
2119 1584 2362 1660 minor
2394 1585 2551 1660 sine
2590 1587 2744 1682 ipso
2784 1587 3044 1662 froeno.
3082 1587 3333 1663 Simile
3364 1588 3535 1663 dicit
3556 1582 3629 1682 (¹)
3674 1589 3823 1664 Lu·-

1475 1727 1706 1782 canus
1769 1706 1863 1781 de
1931 1705 2279 1799 romaniS,
2351 1706 2550 1801 quod
2612 1706 2673 1780 si
2742 1707 3045 1782 fuissent
3102 1727 3397 1802 semper
3460 1708 3675 1802 servi,
3740 1715 3823 1782 ut

1476 1826 1686 1902 multi
1739 1827 2055 1922 barbari,
2088 1827 2355 1931 ‘minus
2406 1827 2715 1902 moleste
2772 1827 3161 1902 ferendum
3225 1835 3435 1904 esset.
3498 1830 3587 1902 Et
3644 1850 3821 1904 con-

1477 1948 1682 2024 tinuo
1733 1948 2006 2024 invehit
2056 1955 2315 2023 contra
2365 1955 2693 2044 pastores
2742 1947 3105 2043 Ecclesiae,
3144 1948 3271 2044 qui
3318 1969 3464 2024 non
3516 1950 3817 2045 permit-

1477 2075 1644 2143 tunt
1677 2070 2198 2165 imperatorem
2240 2087 2553 2165 regnare
2584 2068 2657 2143 in
2692 2068 2916 2144 ltalia.
2954 2069 3139 2144 Dicit
3175 2090 3394 2167 ergo:
3434 2073 3569 2144 Alai
3597 2079 3820 2164 yeme,

1478 2188 1682 2283 idest,
1734 2189 2065 2264 dolenter
2118 2188 2381 2283 refer0,
2434 2209 2617 2285 gens
2682 2188 3193 2284 sacerdotalis3
3260 2196 3337 2264 et
3394 2210 3543 2265 uon
3600 2185 3819 2285 dieas,

1475 2327 1656 2404 gens
1721 2307 1981 2403 italica,
2034 2307 2226 2382 sicut
2277 2307 2576 2403 quidam
2630 2315 3029 2404 exponunt,
3084 2316 3159 2384 et
3210 2330 3356 2385 non
3408 2310 3644 2405 bene3
3704 2313 3821 2385 cloe

1475 2429 1782 2503 dom-esti
1826 2451 2016 2502 esser
2065 2431 2333 2520 divota,
2366 2427 2636 2503 scilicet
2670 2429 2845 2522 Deo,
2884 2432 2960 2503 et
2993 2448 3261 2504 vacare
3300 2429 3814 2525 spiritualibuS,

1475 2555 1550 2624 et
1603 2547 2030 2645 temporalia
2077 2548 2447 2624 dimittere
2482 2547 2928 2644 imperatori.
2966 2547 3171 2624 Unde
3210 2549 3415 2624 dicit:
3452 2537 3507 2623 'e
3556 2553 3817 2626 lasoiar

1475 2671 1676 2742 seder
1733 2673 2011 2763 cesare,
2073 2670 2277 2764 idest,
2344 2669 2890 2764 imperatorem,
2942 2673 3017 2744 in
3078 2672 3151 2744 la
3208 2672 3409 2762 sella,
3474 2691 3643 2767 quae
3710 2679 3816 2748 est

1476 2808 1710 2866 vacua
1761 2810 2068 2885 sessore,
2126 2796 2209 2864 ut
2258 2790 2415 2886 jam
2469 2789 2747 2864 dictum
2798 2795 2932 2883 est,
2984 2794 3058 2864 et
3107 2788 3317 2884 dicit3
3366 2812 3441 2863 se
3498 2791 3665 2864 bene
3710 2793 3817 2864 in·-

1475 2912 1660 2986 tendt'
1709 2903 1814 2984 oid
1863 2913 1982 2984 che
2034 2913 2172 2984 Dio
2224 2913 2277 2984 ti
2339 2916 2553 2984 nota!
2616 2930 2789 2984 cum
2855 2909 3035 2985 dixit
3097 2909 3472 2984 Christus:
3538 2913 3817 2986 Reddite

1473 3049 1628 3124 quae
1676 3039 1838 3104 sunt
1891 3033 2194 3104 Goesaris
2252 3033 2545 3120 Goesari,
2596 3037 2663 3104 et
2722 3049 2877 3122 quae
2938 3036 3100 3102 sum
3164 3032 3300 3104 Dei
3346 3034 3552 3123 Deo,-
3603 3031 3811 3127 quasi

1471 3151 1710 3226 dicat:
1762 3151 1824 3224 si
1873 3171 2022 3226 non
2071 3151 2182 3224 vis
2232 3149 2442 3226 aliter
2494 3149 2901 3246 intelligere
2950 3155 3027 3223 et
3076 3169 3450 3244 exponere
3498 3149 3674 3224 illud
3706 3150 3815 3225 di-

1473 3281 1678 3348 ctum
1708 3265 1780 3365 (²)
1836 3272 2118 3346 Christi.
2171 3271 2261 3345 Et
2310 3271 2427 3345 hic
2478 3276 2673 3365 nota,
2711 3277 2793 3345 ut
2828 3269 3097 3365 videas,
3135 3270 3333 3366 quod
3380 3276 3595 3366 poeta
3618 3271 3815 3367 juste

1471 3393 1802 3489 increpat
1851 3392 2317 3490 prohibentes
2378 3391 2902 3488 imperatorem
2964 3410 3126 3466 esse
3190 3389 3263 3465 in
3327 3389 3566 3486 ltalia3
3618 3391 3813 3487 quod

1470 3516 1546 3589 in
1595 3514 2050 3591 MCCXCVIII
2099 3513 2441 3589 Albertus
2499 3512 2651 3586 dux
2711 3512 3047 3607 Austriae,
3102 3511 3461 3607 Rodulphi
3510 3511 3817 3587 Caesaris

1471 3635 2024 3733 primogenitus,
2077 3640 2459 3731 perempto
2490 3632 2826 3727 Adulpho
2876 3632 3133 3727 electo,
3186 3632 3261 3706 in
3309 3632 3592 3728 proelio,
3646 3652 3815 3706 suc-

1469 3758 1685 3833 cessit
1733 3757 1832 3831 illi
1884 3756 1957 3830 in
2009 3776 2272 3852 regn03
2327 3752 2452 3850 qui
2502 3774 2697 3828 anno
2748 3752 3085 3847 sequenti
3139 3752 3330 3827 misit
3391 3753 3671 3849 legatos
3720 3752 3809 3827 ad

1469 3876 1948 3971 Bonifacium‚
1983 3874 2395 3973 significans
2430 3893 2511 3949 se
2544 3872 2735 3947 velle
2784 3871 3039 3947 venire
3072 3872 3164 3945 ad
3216 3872 3465 3947 sedem
3516 3880 3807 3969 aposto-

1467 3998 1706 4093 licam,
1760 4004 2236 4093 suscepturus
2286 3994 2379 4069 de
2430 4013 2643 4068 more
2700 4012 3073 4067 coronam.
3126 3992 3407 4079 Quibus
3455 4013 3645 4088 papa
3695 4015 3811 4069 re-

1465 4118 1772 4217 spondit,
1833 4117 2031 4212 quod
2098 4116 2445 4190 Albertus
2507 4134 2656 4189 non
2732 4119 2893 4188 erat
2970 4113 3249 4187 electus
3322 4112 3674 4211 legitime,
3740 4121 3809 4190 et

1466 4239 1664 4335 quod
1715 4244 1874 4313 erat
1925 4236 2263 4334 indignus
2315 4234 2645 4331 imperio,
2688 4233 2815 4328 qui
2862 4231 3216 4308 adversus
3267 4252 3523 4331 regem
3576 4233 3809 4309 domi-

1465 4382 1644 4435 num
1682 4381 1904 4434 suum
1940 4359 2217 4434 bellum
2254 4356 2603 4430 iniustum
2656 4357 3013 4448 moverat,
3050 4358 3123 4428 et
3168 4352 3566 4448 proditorie
3600 4355 3799 4429 illum

1463 4481 1847 4557 occiderat.
1901 4480 1988 4553 Et
2036 4478 2298 4555 sedens
2348 4486 2681 4553 armatus
2743 4475 2818 4548 in
2886 4472 3089 4566 solio,
3142 4479 3218 4547 et
3266 4493 3443 4549 ense
3505 4474 3803 4569 cinctuS,

1463 4606 1535 4676 et
1587 4601 1863 4676 habens
1912 4600 1987 4674 in
2038 4598 2274 4695 capite
2326 4596 2703 4693 imperiale
2759 4594 3119 4687 diadema,
3174 4598 3583 4689 tenensque
3650 4616 3801 4671 ma-

1465 4742 1643 4802 num
1697 4722 1787 4796 ad
1836 4722 2182 4817 capulum
2238 4719 2429 4795 ensis
2463 4716 2699 4811 cincti,
2734 4714 2960 4790 dixit:
3004 4716 3261 4789 Nonne
3310 4734 3451 4812 ego
3502 4736 3797 4811 possum

1464 4842 1748 4937 imperii
1789 4841 2004 4938 jura'
2035 4840 2288 4915 tueri?
2354 4841 2509 4935 Ego
2580 4859 2746 4912 sum
2812 4839 3076 4912 Caesar.
3144 4834 3406 4909 Postea
3469 4840 3635 4911 orta
3700 4836 3801 4910 di-

1584 5108 1638 5171 (¹)
1671 5107 1732 5159 E.
1768 5107 1894 5158 dicit
1923 5107 2196 5158 Bachonus
2228 5105 2293 5156 de
2326 5103 2570 5155 romanis.
2758 5100 2815 5163 (’)
2846 5102 2909 5152 Ε.
2942 5100 3143 5152 dictum
3174 5098 3389 5151 Domlnl
3416 5098 3545 5151 lesu
3574 5098 3771 5153 Christi.
