4392 6850
1441 910 1582 981 330
2159 927 2569 984 coMEN'rUM
2620 930 3059 985 Puneuonu

1436 1071 1556 1145 tiae
1605 1070 1775 1165 quia
1827 1072 2163 1147 infatuati
2214 1082 2406 1168 sunt,
2444 1082 2519 1151 et
2560 1082 2839 1170 septem
2894 1074 3059 1149 filiae
3109 1096 3473 1170 percussae
3526 1084 3775 1153 sunta

1437 1190 1670 1265 Diana
1703 1191 1842 1267 dea
1876 1192 2245 1288 castitatiS,
2298 1194 2471 1289 quia
2512 1195 2721 1270 sactae
2762 1203 2934 1271 sunt
2972 1198 3415 1273 meretrices.
3454 1199 3541 1272 Et
3575 1205 3775 1275 certe
3808 1268 3825 1293 ,

1435 1308 1647 1383 nimis
1700 1311 2194 1387 intollerabilis
2246 1322 2357 1389 est
2406 1316 2747 1409 superbia
2802 1316 3144 1410 soeminae,
3178 1318 3297 1391 cui
3352 1326 3619 1393 natura
3650 1318 3777 1393 de-

1431 1429 1535 1503 dit
1575 1432 1872 1506 mollem
1907 1452 2234 1529 carnem,
2272 1435 2553 1511 humile
2593 1436 2993 1531 ingenium,
3030 1438 3364 1535 frigidam
3402 1438 3773 1533 virtutem,

1435 1571 1622 1643 quas
1673 1551 1860 1625 intra
1917 1552 2267 1629 terminos
2319 1556 2807 1649 verecundiae,
2859 1557 3221 1651 pudicitiae
3274 1565 3349 1633 et
3399 1559 3775 1633 taciturni-

1436 1670 1600 1744 tatis
1651 1670 1861 1745 decet
1911 1692 2070 1747 esse
2119 1682 2519 1749 contentas
2574 1677 2677 1750 Ad
2732 1676 3019 1752 literam
3088 1698 3292 1775 ergo,
3344 1678 3513 1753 dicit
3562 1686 3775 1773 poeta

1431 1792 1894 1889 indignanter
1945 1796 2411 1869 exclamans:
2477 1802 2537 1871 O
2580 1800 2819 1888 Niobe,
2852 1798 3153 1873 soemina
3207 1821 3417 1893 vana,
3470 1820 3603 1873 con
3654 1802 3772 1873 che

1433 1916 1627 1985 occlei
1657 1916 1915 1987 dolenti
1947 1918 2209 1989 vedeva
2238 1919 2311 1989 io
2350 1923 2439 2008 te,
2476 1917 2649 2011 quia
2682 1912 2755 2010 (⁴¹)
2795 1916 3135 1992 indurata
3170 1925 3331 1995 erat
3380 1920 3449 1993 in
3486 1941 3771 2014 saxum,

1432 2033 1604 2126 quia
1657 2033 1925 2110 scilicet
1976 2055 2109 2129 pro
2162 2036 2387 2109 nimio
2438 2036 2693 2111 dolore
2726 2037 3143 2131 impetravit
3179 2038 3394 2133 intuS,
3454 2048 3770 2130 semaco,

1429 2151 1635 2246 idest,
1691 2153 2026 2250 figurata,
2095 2158 2170 2229 in
2218 2178 2301 2229 su
2354 2160 2425 2229 la
2474 2160 2755 2247 strada,
2798 2158 2871 2231 in
2904 2148 2978 2248 (Ξ)
3028 2157 3147 2232 illa
3198 2156 3339 2251 via,
3392 2157 3546 2232 sive
3614 2179 3773 2232 cor-

1433 2274 1617 2366 nice,
1671 2282 1786 2347 tra
1835 2283 1996 2348 secte
2025 2298 2064 2354 e
2093 2284 2255 2349 secte
2288 2282 2433 2351 moi
2465 2279 2762 2370 fiyliuoli
2800 2282 3047 2369 sperati,
3090 2278 3293 2372 idest,
3332 2278 3765 2353 interfectos.

1430 2394 1520 2467 Et
1572 2396 1685 2469 hic
1736 2402 1930 2488 nota,
1982 2397 2180 2489 quod
2232 2398 2421 2471 sicut
2470 2398 2716 2473 scribit
2766 2400 2847 2472 A.
2884 2398 3155 2473 Gellius
3206 2399 3391 2473 libro
3432 2399 3763 2474 Noctium

1435 2514 1838 2589 Atticarum
1901 2514 2024 2590 filii
2075 2516 2319 2591 Niobis
2387 2517 2581 2613 apud
2632 2519 2917 2613 aliquos
2978 2525 3229 2613 poetas
3290 2519 3591 2593 fuerunt
3658 2539 3771 2593 se-

1435 2642 1632 2730 ptem
1688 2636 1992 2709 masculi
2043 2643 2117 2711 et
2179 2643 2459 2732 septem
2522 2638 2866 2732 foeminae‚
2926 2637 3114 2715 sicut
3162 2639 3360 2734 apud
3407 2638 3769 2733 Ovidium,

1437 2738 1660 2849 quem
1715 2754 2047 2849 sequitur
2097 2764 2311 2851 poeta
2367 2764 2651 2852 noster3
2703 2757 2898 2853 apud
2948 2758 3129 2833 alios
3178 2764 3554 2854 ponuntur
3616 2766 3772 2831 tan-

1435 2881 1594 2949 tum
1646 2897 1800 2969 sex,
1853 2877 2040 2950 sicut
2089 2878 2284 2972 apud
2336 2878 2737 2953 Homerum
2794 2879 2889 2952 Xl
2938 2879 3314 2975 Odysseae3
3349 2878 3543 2973 apud
3592 2879 3766 2953 alios

1438 3001 1760 3089 quatuor
1810 3003 1884 3071 et
1933 3004 2293 3093 quatuor,
2344 2998 2539 3093 apud
2579 2998 2757 3074 alios
2810 3007 2959 3074 tres
3004 3006 3079 3073 et
3130 3006 3311 3072 tres:
3367 2998 3529 3073 ideo
3583 3000 3766 3073 forte

1427 3116 1588 3191 haec
1639 3115 1832 3191 fictio
1884 3116 2230 3211 importat
2276 3119 2476 3193 aliud
2529 3119 3013 3195 ministerium
3068 3140 3295 3214 quam
3336 3118 3613 3193 dictum
3658 3120 3765 3193 sit.

1427 3278 1526 3289 —-
1561 3240 1622 3311 0
1671 3240 1861 3311 Saue.
1915 3238 2046 3311 Hic
2096 3244 2311 3333 poeta
2355 3238 2698 3315 describit
2735 3240 2963 3315 alium
2996 3247 3247 3315 actum
3300 3246 3373 3315 et
3424 3239 3765 3315 effectum

1427 3357 1792 3453 superbiae
1844 3358 2537 3455 magnificentissimi
2592 3360 2807 3458 regis.
2844 3361 2953 3435 Ad
2986 3359 3183 3456 quod
3232 3367 3341 3436 est
3390 3360 3764 3436 sciendum

1427 3478 1624 3572 quod
1664 3478 1850 3554 sicut
1884 3486 2120 3574 potest
2168 3481 2405 3577 colligi
2458 3501 2549 3556 ex
2594 3483 2781 3558 libro
2816 3483 3129 3579 Regum,
3164 3483 3279 3558 vel
3321 3482 3632 3577 Josepho
3674 3502 3763 3558 ex

1425 3597 1611 3672 libro
1663 3598 2222 3694 Antiquitatum,
2272 3600 2447 3676 Saul
2500 3601 2635 3676 suit
2686 3603 2967 3698 primus
3032 3623 3161 3677 rex
3220 3602 3443 3677 Israel
3494 3602 3767 3699 glorio-

1423 3739 1552 3794 sus
1601 3717 1812 3792 valde
1844 3719 2036 3793 inter
2072 3741 2283 3816 reges
2316 3721 2706 3797 orientales
2740 3723 2854 3796 sui
2893 3723 3263 3818 temporiS‚
3300 3743 3523 3816 quem
3562 3743 3766 3816 quae-

1429 3846 1712 3914 rentem
1758 3838 1996 3913 asinas
2031 3842 2255 3934 patris
2290 3841 2605 3935 perditas
2639 3843 2835 3917 Deus
2869 3842 3063 3918 dedit
3096 3843 3167 3916 in
3208 3863 3461 3938 regem
3500 3843 3765 3937 populo

1423 3961 1918 4055 hebraeorum,
1977 3967 2050 4034 et
2111 3961 2363 4057 inungi
2426 3963 2595 4040 fecit
2645 3983 2777 4058 per
2835 3964 3253 4038 Samuelem
3306 3964 3761 4058 prophetam.

1423 4079 1598 4156 Saul
1650 4081 1872 4178 igitur
1925 4081 2059 4155 i'uit
2092 4083 2259 4157 altae
2292 4091 2617 4178 staturae,
2655 4084 2859 4158 fortis
2892 4105 3224 4179 corpore,
3262 4085 3515 4179 pulcer
3556 4084 3759 4177 facie,

1422 4203 1594 4278 felix
1647 4202 1977 4297 bellator,
2014 4203 2139 4297 qui
2182 4205 2452 4278 multas
2502 4205 2843 4280 victorias
2882 4205 3197 4280 obtinuit
3236 4205 3329 4280 de
3361 4203 3609 4281 multis
3645 4225 3763 4278 re-

1419 4323 1633 4419 gibus
1702 4329 1778 4397 et
1835 4323 2198 4419 gentibuS,
2262 4331 2335 4399 et
2398 4346 2702 4422 magnas
2766 4325 2931 4400 fecit
2988 4325 3291 4420 praedas,
3347 4324 3629 4398 Ditatus
3693 4329 3765 4398 et

1425 4443 1785 4517 exaltatus
1839 4443 2052 4516 nimis
2104 4443 2339 4517 tenuit
2391 4451 2666 4519 terram
2720 4467 2765 4519 a
2817 4445 3029 4518 litore
3078 4443 3367 4540 AEgypti
3404 4465 3642 4538 usqne
3674 4443 3763 4518 ad

1425 4562 1595 4635 litus
1647 4560 1872 4635 maris
1925 4563 2129 4636 rubri
2159 4554 2263 4658 (³),
2303 4564 2469 4638 felix
2508 4566 2763 4659 pulcra
2797 4565 3001 4659 prole
3035 4564 3391 4657 filiorum3
3428 4564 3557 4637 sed
3592 4563 3758 4656 quia

1421 4689 1677 4756 contra
1715 4692 2164 4777 praeceptum
2218 4684 2507 4759 Domini
2548 4691 2975 4760 servaverat
3006 4685 3212 4780 Agag
3254 4704 3505 4779 regem
3543 4684 3761 4756 Ama-

1421 4803 1864 4876 lachitarum
1916 4805 2190 4878 victum
2236 4806 2515 4900 proelio,
2556 4805 2988 4900 reprobatus
3031 4826 3074 4879 a
3110 4801 3443 4897 Domino,
3486 4807 3761 4876 mutata

1547 4991 1601 5053 (¹)
1635 4989 1694 5041 E.
1728 4993 1846 5055 quia
1881 4993 2218 5044 indurabatur
2250 4994 2303 5044 in
2335 5009 2532 5055 saxum,
2565 4995 2685 5059 quia
2717 4993 2915 5043 scilicet
2950 5006 3055 5055 prae
3091 4992 3267 5041 nimio.

1549 5064 1605 5130 (¹)
1641 5071 1750 5128 117,
1783 5067 1929 5129 idest,
1961 5069 2014 5118 in
2048 5069 2136 5120 illa
2170 5071 2269 5120 vla.
2746 5069 2799 5132 (⁸)
2834 5073 2943 5129 11⁷,
2977 5067 3143 5118 rubel-
