4392 6850
1415 981 1555 1050 104
2125 990 2533 1052 coMEN'rUu
2582 991 3021 1048 PURGATonn

1411 1143 1664 1214 contra
1715 1135 1954 1232 legem
2007 1141 2317 1230 naturae,
2360 1143 2435 1210 et
2483 1135 2731 1211 omnia
2756 1135 2929 1230 jura
2970 1135 3297 1214 humana
3348 1144 3423 1214 et
3454 1137 3746 1232 diviua3

1411 1279 1562 1334 non
1612 1277 1900 1332 memor
1953 1257 2545 1351 persecutionum
2576 1249 2649 1350 (¹)
2704 1257 2927 1351 patris
2976 1257 3137 1334 eius
3185 1258 3473 1334 Heurici
3516 1267 3592 1334 et
3628 1260 3747 1336 avi

1409 1378 1568 1456 eius
1617 1377 1939 1482 Federici
1989 1377 2039 1452 Ι.
2093 1376 2213 1452 Sic
2262 1397 2443 1476 ergo
2492 1377 2745 1454 videre
2795 1384 3024 1473 potes,
3058 1397 3295 1472 quare
3335 1379 3751 1460 Mauri-edus

1407 1500 1526 1573 hic
1575 1498 1886 1574 subticet
1939 1518 2206 1576 nomen
2257 1498 2504 1594 patris,
2542 1499 2668 1595 qui
2718 1499 2856 1574 fuit
2895 1520 3187 1594 semper
3224 1499 3595 1601 flagellum
3630 1521 3755 1578 ec-

1407 1619 1667 1712 clesiae,
1721 1626 1796 1694 et
1843 1618 1997 1712 ipse
2047 1618 2555 1696 reconciliatus
2620 1625 2730 1694 est
2778 1619 2933 1696 Deo
3000 1619 3075 1694 in
3141 1627 3401 1715 morte,
3454 1629 3529 1698 et
3576 1620 3747 1716 quia

1409 1739 1544 1821 fuit
1595 1739 1948 1816 naturalis
2006 1738 2219 1834 filius,
2289 1747 2365 1816 et
2426 1739 2595 1835 quia
2662 1741 2797 1814 fuit
2854 1741 3185 1817 conscius
3247 1742 3503 1820 mortis
3563 1743 3743 1820 eius.

1409 1861 1621 1936 Nunc
1671 1860 1765 1935 ad
1815 1860 2142 1956 literam,
2195 1859 2367 1936 dicit
2418 1867 2629 1957 poeta
2676 1861 2875 1955 quod
2926 1861 3089 1966 ille:
3130 1865 3261 1956 poi
3304 1865 3749 1956 surridendo,

1411 1981 1584 2075 quia
1633 1980 1879 2055 salvus
1930 1987 2112 2074 erat,
2149 1981 2345 2076 quod
2388 1981 2657 2056 Dentes
2690 2001 2836 2057 non
2872 1983 3199 2077 putabat,
3234 1986 3467 2060 disse.-
3497 1987 3567 2058 io
3616 2004 3749 2062 son

1409 2102 1772 2196 Manfredi
1817 2107 2058 2193 nepote
2090 2103 2165 2175 di
2211 2104 2585 2179 Costanzia
2621 2104 3061 2194 imperatrice
3073 2129 3105 2197 ;
3142 2104 3383 2198 potius
3415 2103 3749 2180 denomi-

1410 2229 1537 2296 nat
1567 2213 1638 2314 (2)
1675 2241 1757 2296 se
1795 2221 1890 2295 ab
1933 2221 2068 2295 ista
2101 2228 2352 2296 sancta
2389 2221 2710 2317 foemina,
2748 2243 2975 2317 quam
3008 2243 3055 2297 a
3089 2231 3301 2318 patre
3340 2231 3746 2319 peccatore.

1409 2343 1497 2416 Et
1545 2341 1715 2416 facit
1762 2340 2176 2416 Manfredus
2225 2341 2411 2416 sicut
2462 2341 2732 2435 muluS,
2770 2343 2897 2437 qui
2930 2341 3425 2441 interrogatus
3457 2365 3502 2418 a
3539 2345 3750 2424 leone

1410 2461 1622 2538 cuius
1648 2461 1836 2535 filius
1871 2467 2084 2556 esset,
2118 2460 2442 2536 dicebat:
2480 2483 2647 2538 sum
2683 2482 2907 2559 nepos
2940 2463 3135 2560 equi,
3172 2485 3345 2539 cum
3381 2464 3534 2560 ipse
3558 2473 3749 2542 esset

1410 2582 1604 2656 filius
1651 2581 1854 2655 asini.
1909 2581 2157 2656 Simile
2208 2587 2318 2658 est
2368 2581 2459 2676 ei,
2503 2582 2697 2676 quod
2752 2582 2998 2658 scribit
3047 2584 3317 2659 Statius
3356 2585 3417 2658 11
3464 2585 3749 2662 Maioris

1413 2703 1506 2778 de
1557 2701 1920 2798 Polynice,
1973 2702 2098 2796 qui
2151 2702 2645 2799 interrogatus
2702 2703 2800 2778 ab
2848 2701 3154 2780 Adrasto
3216 2725 3393 2800 rege
3456 2705 3749 2802 argivo-

1410 2843 1606 2917 rum,
1674 2822 1969 2897 nolebat
2025 2821 2413 2918 propalare
2475 2843 2744 2899 nomen
2804 2822 3027 2918 patris
3094 2822 3207 2898 sui
3280 2821 3557 2919 OEdipi,
3622 2823 3747 2919 qui

1410 2942 1698 3020 infamis
1745 2948 2111 3039 genuerat
2159 2962 2336 3016 eum
2388 2963 2479 3018 ex
2524 2949 2763 3017 matre
2796 2943 3109 3037 propria.
3146 2941 3350 3020 Unde
3390 2943 3562 3018 dicit
3600 2942 3745 3018 ibi:

1409 3065 1536 3138 sed
1593 3083 1784 3136 mens
1840 3063 1972 3136 sibi
2025 3065 2305 3136 conscia
2358 3064 2533 3156 sacti
2586 3067 2959 3136 cunctatur
2996 3066 3333 3156 proferre
3376 3070 3746 3156 patrem...

1407 3189 1537 3261 Est
1579 3185 1888 3276 qenitm'oe
1935 3186 2223 3256 Jocasta
2272 3185 2455 3256 milti.
2511 3182 2627 3258 Sic
2661 3203 2842 3280 ergo
2874 3189 3073 3279 patet
3108 3183 3305 3277 quod
3336 3183 3748 3265 manfredus

1407 3303 1548 3378 fuit
1596 3323 1818 3398 nepos
1853 3302 2291 3378 Constantiae
2331 3323 2477 3376 nou
2520 3302 2709 3376 filius
2744 3303 2857 3378 vel
2894 3303 3293 3400 privignuS,
3332 3309 3414 3376 ut
3450 3302 3745 3398 quidam

1405 3425 1712 3520 glosant.
1789 3423 1942 3499 Hoc
2015 3424 2231 3518 dicto,
2307 3423 2719 3501 Manfredus
2794 3423 2963 3499 facit
3038 3444 3247 3499 suam
3326 3423 3743 3519 petitionem

1408 3544 1647 3637 Danti,
1688 3544 1979 3619 diceus:
2023 3546 2185 3617 ond’
2212 3547 2283 3616 io
2333 3548 2386 3617 ti
2424 3547 2675 3636 prieoo
2715 3546 2835 3617 che
2867 3548 3151 3636 quando
3190 3552 3262 3619 tu
3292 3548 3499 3637 stedi,
3545 3544 3749 3640 idest,

1410 3665 1804 3743 reverteris
1853 3664 1948 3739 ad
2000 3664 2361 3740 muudum
2418 3665 2781 3761 vivorum,
2833 3665 3005 3759 quia
3070 3666 3283 3741 vivus
3334 3686 3435 3760 eS,
3486 3668 3656 3740 vadi
3702 3686 3751 3739 a

1407 3789 1552 3859 mia
1601 3786 1776 3859 bella
1819 3788 2044 3877 fiylia,
2093 3785 2231 3859 ista
2282 3784 2417 3861 fuit
2474 3786 2616 3863 alia
2678 3786 3093 3863 Constantia
3127 3776 3199 3878 (³)
3256 3800 3547 3883 magna,
3582 3804 3751 3879 quae

1405 3905 1542 3984 fuit
1592 3904 1732 3978 filia
1784 3905 2132 3979 Manfredi
2181 3911 2256 3981 et
2307 3926 2497 3981 uxor
2546 3906 2797 3981 domni
2850 3906 3041 3982 Petri
3098 3906 3291 4003 regis
3322 3910 3745 4004 Aragouum

1405 4024 1908 4120 strenuissimi,
1938 4025 2054 4099 cui
2091 4032 2606 4103 successerunt
2640 4032 2791 4103 tres
2829 4027 2975 4120 filii,
3016 4026 3287 4103 scilicet
3315 4027 3746 4123 Alphonsus,

1406 4146 1533 4240 qui
1580 4129 2166 4221 adolescentulus
2218 4153 2559 4221 mortuus
2610 4154 2744 4241 est,
2784 4146 2948 4223 ideo
2998 4168 3143 4223 non
3186 4148 3513 4223 nominat
3544 4162 3743 4243 eum,

1403 4265 1762 4340 Jacobum
1815 4273 1889 4340 et
1939 4264 2413 4359 Federicum3
2468 4265 2631 4343 ideo
2680 4266 2894 4345 dicit:
2944 4271 3297 4359 ymimce,
3350 4266 3554 4362 idest,
3592 4288 3749 4347 ma-

1407 4392 1625 4477 trem,
1675 4387 1830 4458 dell’
1855 4406 2040 4458 onor
2099 4388 2175 4459 di
2240 4389 2477 4463 Cicilia
2526 4408 2565 4459 e
2624 4390 2699 4462 di
2746 4394 3119 4480 Arayona,
3172 4378 3373 4482 idest,
3428 4388 3748 4464 honora·-

1406 4507 1662 4583 bilium
1719 4528 2008 4602 regum,
2059 4507 2233 4602 quia
2266 4507 2585 4583 domnus
2618 4508 3009 4587 Federicus
3040 4509 3175 4586 suit
3211 4530 3339 4585 rex
3380 4507 3643 4585 Siciliae
3676 4517 3752 4587 et

1405 4626 1720 4703 domnus
1772 4627 2084 4704 lacobus
2139 4648 2271 4703 rex
2322 4628 2727 4728 Aragouiae.
2770 4629 2879 4705 De
2917 4635 3126 4725 patre
3158 4636 3233 4707 et
3266 4628 3427 4705 filiis
3466 4628 3751 4709 dicemr

1409 4746 1594 4820 infra
1644 4746 1962 4841 capitulo
2013 4747 2133 4823 Vll
2185 4755 2261 4823 et
2310 4748 2478 4825 alibi
2528 4768 2755 4843 soepe3
2807 4756 2882 4823 et
2920 4749 3137 4824 dicit:
3184 4771 3225 4823 e
3270 4750 3455 4825 diolci
3501 4752 3558 4823 il
3586 4770 3752 4825 vero

1405 4886 1457 4937 a
1506 4868 1593 4937 lei
1637 4868 1694 4937 ,ς’
1721 4869 1906 4940 altro
1955 4871 2019 4941 si
2081 4870 2256 4959 dice,
2306 4868 2601 4963 scilicet,
2666 4870 2981 4964 qualiter
3032 4892 3199 4943 sum
3250 4872 3521 4965 salvus»,
3585 4869 3752 4945 licet

1533 5050 1588 5113 (¹)
1621 5050 1674 5101 S·
1708 5054 2092 5114 persecutionis.
2472 5055 2527 5117 ζ’)
2558 5056 2622 5107 Β.
2654 5057 3007 5109 denominans.

1533 5127 1586 5191 (¹)
1623 5132 1730 5188 ¹1⁷,
1763 5128 2052 5181 Constantia
2085 5132 2412 5183 denominata
2445 5146 2474 5182 a
2505 5130 2797 5188 constantia
2826 5148 3030 5199 magna,
3062 5148 3181 5203 quo
3212 5133 3329 5191 fuit.
