4392 6850
1532 979 1672 1046 450
2260 989 2667 1044 coMENTUM
2714 989 3153 1044 PURGATORu

1527 1136 1966 1211 evidentiam
2031 1141 2142 1212 est
2208 1134 2610 1224 sciendum,
2670 1132 2870 1227 quod
2936 1133 3124 1208 sicut
3184 1137 3421 1227 potest
3484 1133 3722 1230 colligi
3781 1149 3867 1209 ex

1527 1256 1776 1330 multis
1834 1255 2036 1331 libris
2099 1254 2346 1350 sacriS,
2400 1260 2474 1328 et
2537 1274 2631 1328 ex
2684 1253 2993 1349 Josepho
3059 1253 3243 1326 libro
3308 1253 3864 1349 Antiquitatum,

1525 1375 1702 1450 Levi
1750 1375 1888 1450 fuit
1935 1397 2132 1450 unus
2181 1396 2270 1451 ex
2324 1373 2711 1449 duodecim
2766 1373 2945 1448 filiis·
2969 1374 3217 1466 Jacob,
3252 1379 3469 1448 natus
3511 1394 3607 1449 ex
3644 1375 3793 1469 Lia,
3824 1397 3863 1450 a

1527 1518 1679 1592 quo
1727 1496 2172 1572 denominati
2226 1501 2399 1569 sunt
2442 1495 2738 1571 Levitae.
2792 1495 2996 1568 Hanc
3045 1495 3347 1569 Tribum
3411 1495 3693 1590 Moyses
3754 1515 3869 1570 se-

1526 1617 1861 1713 gregavit
1909 1617 2005 1690 ab
2055 1614 2252 1708 aliis,
2288 1621 2365 1690 et
2410 1615 2746 1709 sacravit,
2802 1621 2885 1688 ut
2930 1614 3357 1709 simpliciter
3400 1622 3698 1690 vacaret
3750 1635 3865 1689 sa-

1527 1737 1835 1830 crificiis,
1888 1744 1964 1813 et
2012 1742 2313 1811 vacaret
2362 1735 2457 1810 ab
2506 1735 2751 1810 officio
2802 1734 3094 1810 miiitiae.
3160 1735 3440 1831 Moyses
3502 1756 3682 1832 ergo
3732 1737 3864 1811 Le-

1528 1859 1848 1932 vitarum
1900 1857 2203 1933 Tribum
2249 1855 2689 1932 servituram
2742 1857 2899 1931 Deo
2946 1856 3313 1950 separavit
3360 1877 3406 1930 a
3454 1857 3753 1951 proeiiiS,
3790 1865 3863 1932 et

1527 1977 1898 2052 constituit
1964 1977 2316 2072 populum
2385 1975 2567 2051 dare
2643 1976 2749 2050 eis
2818 1975 3143 2050 decimas
3214 1996 3635 2050 annuorum
3709 1977 3860 2051 fru-

1527 2104 1808 2172 ctuum.
1862 2098 2041 2173 Vide
2089 2117 2296 2194 ergo,
2350 2096 2523 2190 quid
2576 2103 2791 2192 poeta
2820 2089 2895 2189 (²)
2951 2095 3127 2169 velit
3181 2095 3426 2171 dicere
3454 2095 3465 2103 “
3489 2097 3631 2193 hic,
3694 2118 3862 2174 cum

1526 2216 1731 2291 dicit:
1785 2225 1852 2291 ec
1897 2239 1986 2291 or
2035 2220 2383 2308 disc-erm,
2436 2216 2641 2311 idest,
2679 2223 2753 2291 et
2802 2235 3002 2290 nunc
3034 2217 3427 2312 perpendo,
3452 2217 3714 2311 perche
3744 2223 3864 2294 dal

1526 2341 1846 2428 reta99w
1881 2341 1932 2410 li
1961 2340 2116 2430 fiyli
2147 2340 2223 2411 di
2255 2329 2441 2429 Levi,
2468 2336 2655 2410 sicut
2680 2337 2985 2432 Moyse&
3021 2337 3286 2432 Aaron,
3316 2345 3391 2413 et
3431 2338 3549 2413 alii
3574 2340 3864 2434 Levitae,

1522 2461 1742 2551 faron
1791 2460 2024 2549 esenti,
2059 2457 2243 2532 idest
2274 2457 2480 2531 divisi
2516 2462 2591 2531 et
2627 2457 2887 2531 remoti
2922 2477 2967 2531 a
3002 2457 3325 2532 dominio
3361 2465 3434 2532 et
3464 2459 3867 2536 hereditate

1532 2578 1779 2652 Terrae
1829 2577 2134 2671 Sanctae,
2195 2597 2421 2670 quam
2487 2576 2925 2670 promiserat
2991 2577 3187 2652 Deus
3246 2578 3591 2673 Abraam,
3644 2579 3863 2674 Isaac,

1531 2698 1752 2773 Jacob
1803 2705 1877 2772 et
1927 2697 2186 2771 semini
2236 2717 2645 2772 eorum.—
2668 2697 2943 2772 Deinde
2990 2705 3205 2792 poeta
3260 2706 3529 2774 movet·
3556 2699 3857 2774 dubium

1532 2820 1776 2892 Marco
1813 2817 2032 2892 circa·
2084 2839 2321 2891 unum
2390 2817 2963 2912 nominatorum,
3016 2819 3189 2911 quia
3240 2827 3636 2896 vocaverat
3686 2841 3853 2896 eum

1531 2938 1952 3034 simpliciter
2001 2937 2490 3033 Gherardum,
2542 2958 2713 3012 cum
2776 2937 2988 3011 multi
3044 2937 3165 3013 aiii
3230 2945 3522 3032 possent
3584 2960 3747 3016 esse
3794 2942 3863 3014 in

1531 3058 1652 3132 illa
1703 3057 2004 3154 regione
2054 3065 2130 3132 et
2177 3058 2412 3153 patria
2462 3055 2787 3134 eiusdem
2844 3058 3179 3132 nominis.
3230 3057 3439 3134 Unde
3486 3059 3692 3134 dicit:
3744 3065 3864 3134 Ma

1532 3181 1702 3270 qual
1753 3181 2122 3252 Gherardo
2170 3172 2213 3251 e*
2258 3182 2415 3270 quel
2458 3181 2579 3251 che
2626 3185 2705 3252 tu
2747 3181 2843 3250 mi
2890 3181 3013 3270 ἀΰ,
3065 3178 3269 3271 idest,
3312 3178 3511 3273 dicis,
3562 3183 3665 3252 οἵ
3680 3177 3723 3256 e'
3764 3185 3865 3254 ri-

1531 3320 1731 3373 maso
1771 3319 1908 3392 per
1954 3303 2233 3391 sayyiO,
2286 3299 2488 3394 idest,
2522 3320 2659 3393 pro
2694 3298 2937 3394 sagaci
2982 3305 3059 3374 et
3098 3299 3422 3394 sapienti,
3458 3302 3645 3374 della
3676 3309 3869 3391 yeme

1530 3428 1800 3513 spenta,
1853 3420 2036 3495 idest
2087 3428 2407 3513 mortua,
2457 3423 2531 3494 in
2578 3421 3049 3511 nmproverio
3080 3421 3197 3494 del
3238 3421 3425 3494 seco!
3468 3423 3869 3513 selvayqio?

1533 3539 1736 3634 idest,
1785 3539 1860 3613 in
1910 3539 2439 3635 improperium
2493 3544 2566 3613 et
2616 3538 2935 3613 dedecus
2997 3538 3201 3634 pravi
3254 3540 3652 3634 temporis?
3676 3580 3777 3593 —
3808 3545 3866 3614 0

1533 3666 1649 3732 tuo
1693 3662 1974 3752 parlar.
2017 3659 2148 3735 Hic
2195 3658 2458 3733 ultimo
2510 3665 2727 3753 poeta
2785 3658 2987 3753 ponit
3042 3660 3592 3754 responsionem
3652 3660 3866 3735 Marci

1533 3778 1624 3853 ad
1679 3780 2092 3874 quaesitum,
2144 3778 2431 3854 dicens:
2499 3780 2617 3853 iile
2666 3780 2978 3873 MarcuS,
3028 3782 3299 3871 riepose
3346 3801 3397 3852 a
3444 3800 3591 3853 me:
3650 3782 3713 3853 O
3756 3788 3865 3853 tuo

1526 3904 1790 3993 parlar
1838 3903 1929 3973 m'
1953 3903 2300 3991 inqanna,
2350 3921 2394 3971 o
2442 3902 2501 3972 ε’
2536 3902 2634 3977 mi
2681 3906 2914 3994 tenta5
2965 3905 3039 3975 et
3088 3920 3263 3975 ecce
3310 3900 3706 3994 quomodo,
3751 3902 3866 3973 cloe

1526 4022 1986 4115 parlandomi
2033 4027 2221 4093 tosco
2264 4041 2409 4113 par
2456 4022 2585 4096 che.
2626 4022 2741 4093 del
2768 4021 2952 4093 buon
2991 4023 3361 4094 Gherardo
3400 4024 3595 4095 nulla
3644 4028 3861 4095 senta.

1532 4140 1752 4229 Quasi
1796 4140 2023 4215 dicat:
2077 4139 2312 4213 miror
2359 4139 2453 4214 de
2502 4144 2599 4234 te,
2640 4139 2811 4233 quia
2855 4140 3023 4214 iicet
3056 4140 3151 4213 sis
3185 4146 3457 4235 tuscus,
3496 4161 3643 4215 non
3682 4142 3867 4215 lom-

1535 4260 1830 4354 bardus,
1884 4281 2027 4335 non
2091 4258 2358 4334 videris
2420 4259 2629 4355 scire,
2682 4258 2847 4353 quis
2895 4259 3118 4335 fuerit
3166 4259 3608 4354 GherarduS,
3660 4260 3867 4334 cuius

1535 4382 1906 4456 curialitas
1965 4386 2042 4455 et
2097 4370 2383 4454 bonitas
2438 4380 2597 4475 jam
2664 4379 2995 4454 transivit
3046 4380 3535 4475 Apenninum,
3600 4387 3675 4456 et
3739 4382 3869 4477 per

1535 4494 1808 4577 famam
1857 4502 2192 4598 pervenit
2244 4501 2315 4574 in
2366 4500 2726 4576 Tusciam.
2778 4502 2869 4574 Et
2915 4500 3195 4576 subdit:
3222 4522 3360 4594 per
3397 4505 3585 4575 altro
3614 4522 3907 4595 sopra--

1534 4642 1736 4694 nome
1783 4624 1854 4694 io
1905 4623 2030 4695 nol
2073 4641 2368 4694 conosco
2383 4646 2412 4713 ,·
2447 4620 2572 4695 sed
2613 4620 2729 4695 hic
2779 4621 3023 4695 statim
3062 4621 3300 4695 oritur
3339 4620 3713 4697 dubitatio.
3750 4622 3869 4696 Di-

1535 4748 1736 4817 ceret
1783 4740 2084 4835 aliquis:
2138 4740 2511 4835 quomodo
2552 4741 2841 4815 Marcus
2874 4740 3067 4836 dicit,
3102 4761 3184 4815 se
3216 4762 3363 4815 non
3404 4760 3619 4816 nosse
3652 4742 3869 4817 istum

1532 4861 1629 4936 ab
1687 4860 1830 4935 alio
1889 4860 2351 4957 cognomine,
2409 4880 2585 4935 cum
2647 4867 2895 4937 tamen
2956 4881 3367 4958 cognomen
3422 4862 3719 4937 illorum
3780 4862 3868 4937 de

1661 5126 1714 5187 (¹)
1745 5124 1808 5175 E.
1841 5128 1993 5187 poeta
2024 5124 2138 5176 vult
2168 5125 2357 5176 dicere.
