4392 6850
1447 960 1588 1029 318
2161 972 2573 1029 coMEN'rUM
2623 974 3061 1029 Puncnonn

1443 1126 1520 1196 et
1569 1121 1758 1215 dicit,
1810 1119 2008 1215 quod
2062 1120 2187 1215 qui
2228 1118 2531 1195 dederat
2578 1140 2769 1215 eam,
2810 1120 3053 1194 aufert
3104 1140 3293 1214 eam,
3332 1120 3601 1195 scilicet
3652 1120 3780 1214 sol,

1442 1240 1643 1316 unde
1690 1241 1904 1337 dicitg
1957 1262 1996 1314 c
2044 1244 2201 1335 quei
2264 1244 2377 1313 sol
2430 1262 2563 1334 per
2611 1244 2723 1315 cui
2770 1243 2927 1334 ella,
2980 1239 3276 1334 scilicet,
3329 1241 3547 1332 sama,
3600 1246 3789 1313 tam-

1446 1380 1670 1455 quam
1701 1362 1951 1455 herba,
1977 1354 2167 1435 nscio
2192 1360 2451 1434 acerba
2476 1364 2659 1435 della
2687 1370 2909 1452 terra,
2938 1359 3140 1454 idest,
3170 1367 3338 1436 nata
3366 1365 3477 1435 est
3502 1360 3786 1454 tenella,

1445 1481 1772 1556 nondum
1819 1486 2020 1555 matu
2034 1502 2138 1575 ra,
2181 1484 2255 1554 la
2303 1484 2684 1572 discolora,
2738 1481 2941 1575 idest,
2993 1482 3238 1555 aufert
3286 1481 3419 1555 sibi
3472 1479 3792 1555 viridita-

1445 1608 1620 1676 tem.
1685 1602 1772 1675 Et
1827 1601 2017 1676 bene
2075 1600 2427 1675 assimilat
2479 1602 2751 1675 samam
2803 1600 3077 1693 berbae,
3112 1622 3281 1696 quae
3318 1600 3591 1676 virtute
3622 1600 3789 1674 solis

1447 1728 1784 1819 tempore
1831 1722 2046 1819 primi
2099 1721 2294 1796 veris
2346 1722 2725 1819 egreditur
2774 1722 3039 1797 acerba
3092 1742 3185 1797 ex
3236 1727 3485 1815 terra;
3540 1728 3786 1817 postea

1448 1863 1797 1938 processu
1849 1843 2198 1939 temporis
2240 1843 2560 1919 caliditas
2607 1844 2958 1938 temporis
2986 1836 3058 1934 (¹)
3104 1843 3503 1919 crescendo
3550 1843 3785 1917 disco-

1447 1965 1660 2058 lorat,
1695 1969 1768 2040 et
1801 1964 2119 2041 exsiccat
2167 1984 2361 2059 eam,
2414 1964 2601 2039 sicut
2650 1969 2845 2059 patet
2894 1964 2965 2037 in
3022 1964 3425 2057 messibus3
3464 1964 3560 2038 ita
3597 1964 3790 2037 sama

1447 2086 1797 2178 bumana,
1849 2104 2020 2179 quae
2067 2106 2217 2159 non
2272 2085 2490 2159 babet
2541 2084 2861 2159 radicem
2914 2084 3272 2177 stabilem,
3316 2084 3663 2179 paulatim
3719 2083 3791 2156 in

1447 2210 1783 2300 tempore
1829 2212 2167 2279 mutatur
2228 2210 2301 2278 et
2365 2205 2630 2278 amittit
2680 2203 3142 2279 viriditatem.
3206 2206 3291 2278 Et
3348 2205 3445 2278 ita
3503 2204 3792 2279 videtur

1447 2324 1694 2401 dicere
1745 2325 1942 2420 quod
1995 2332 2284 2420 tempus
2334 2332 2443 2401 est
2493 2324 2670 2399 illud
2720 2326 2917 2419 quod
2970 2326 3093 2399 dat
3152 2330 3226 2401 et
3280 2324 3463 2399 tollit
3521 2325 3790 2399 samam

1447 2446 1746 2520 homini.
1813 2446 1982 2521 Ideo
2062 2452 2255 2541 nota,
2325 2446 2521 2540 quod
2588 2446 2822 2543 gloria
2894 2448 3220 2521 humana
3282 2452 3391 2521 est
3455 2445 3793 2539 quaedam

1452 2567 1716 2640 umbra
1769 2566 1887 2641 vel
1934 2586 2120 2640 aura
2173 2567 2505 2661 volatilis,
2556 2585 2781 2660 quam
2848 2566 2973 2661 qui
3026 2566 3201 2641 dant
3252 2565 3585 2639 homines
3645 2566 3793 2639 eri-

1451 2687 1659 2782 piunt
1707 2688 1783 2761 in
1832 2694 2204 2782 tempore3
2261 2688 2456 2763 unde
2518 2708 2712 2783 saepe
2775 2688 3133 2781 videmuS,
3198 2686 3395 2781 quod
3448 2687 3575 2781 qui
3636 2692 3795 2762 erat

1450 2806 1813 2903 gloriosus
1863 2809 2020 2884 heri
2075 2809 2289 2883 bodie
2340 2814 2449 2883 est
2500 2808 3046 2905 ignominiosus.
3100 2807 3417 2882 Stultum
3473 2827 3652 2903 ergo
3686 2812 3796 2881 est

1451 2948 1728 3024 ponere
1777 2950 1977 3023 spem
2033 2928 2106 3002 in
2156 2928 2482 3023 deposito
2543 2929 2739 3023 quod
2816 2928 3171 3003 locaveris
3228 2948 3453 3023 penes
3502 2927 3795 3001 instabi-

1453 3050 1596 3122 lem
1651 3054 1725 3123 et
1773 3048 2160 3145 perfidum,
2216 3049 2387 3143 quia
2452 3051 2763 3143 populus
2823 3054 2934 3123 est
2994 3047 3488 3143 iniquissimus
3538 3047 3794 3144 Judex,

1453 3174 1527 3243 et
1559 3188 1652 3243 ex
1693 3169 2050 3262 manibus,
2081 3170 2230 3241 imo
2272 3168 2537 3265 linguis
2572 3168 2754 3261 eius,
2784 3168 3097 3263 pendent
3134 3168 3347 3241 famae
3380 3168 3784 3242 bominum.

1451 3288 1539 3361 Et
1589 3296 1837 3363 tamen
1890 3290 2086 3362 nulla
2128 3295 2241 3363 est
2274 3293 2474 3363 tanta
2507 3288 2878 3362 humilitas
2919 3308 3089 3382 quae
3127 3288 3509 3363 dulcedine
3543 3286 3792 3384 gloriae

1455 3430 1599 3483 non
1659 3415 2025 3505 tangatur.
2085 3408 2292 3484 Unde
2345 3408 2667 3484 Tullius:
2723 3409 2842 3483 vix
2906 3408 3273 3484 invenitur
3332 3409 3618 3503 aliquis,
3670 3408 3793 3504 qui

1453 3529 1804 3624 susceptis
1855 3529 2229 3604 laboribus
2280 3550 2427 3605 non
2476 3529 2837 3604 desideret
2887 3529 3197 3626 gloriam
3252 3530 3461 3624 quasi
3516 3549 3797 3604 merce-

1451 3647 1621 3723 dem
1689 3669 1944 3725 rerum
2005 3658 2411 3748 gestarum,
2476 3651 2665 3725 sicut
2732 3650 3113 3725 Africanus
3176 3652 3434 3745 maior,
3502 3657 3575 3727 et
3636 3673 3795 3726 ma-

1453 3791 1645 3865 gnus
1691 3769 2086 3865 Pompeius
2136 3776 2211 3845 et
2258 3769 2377 3844 alii
2429 3769 2653 3845 duces
2704 3770 3093 3844 avidissimi
3159 3771 3433 3867 gloriae.
3490 3770 3631 3846 Sed
3681 3771 3795 3845 hic

1454 3888 1694 3964 oritur
1724 3890 2099 3986 dubitatio,
2137 3891 2309 3986 quia
2346 3891 2636 3966 videtur
2670 3891 2865 3986 quod
2902 3897 3121 3965 autor
3160 3891 3609 3966 contradicat
3641 3891 3796 3985 sibi,

1457 4011 1584 4105 qui
1637 4012 1706 4087 in
1761 4013 2046 4087 inferno
2095 4013 2295 4107 dixit,
2335 4012 2531 4109 quod
2584 4014 2806 4088 homo
2856 4013 2982 4106 qui
3036 4012 3349 4087 moritur
3398 4013 3555 4088 sine
3608 4011 3797 4086 fama

1455 4133 1779 4208 vanescit
1830 4135 2032 4208 velut
2085 4133 2331 4208 sumus
2366 4133 2439 4208 in
2474 4153 2653 4208 aere
2686 4139 2759 4208 et
2798 4155 3057 4228 spuma
3094 4134 3166 4207 in
3202 4155 3433 4227 aqua3
3471 4133 3585 4208 hic
3623 4153 3798 4208 vero

1453 4253 1804 4328 assimilat
1852 4253 2083 4348 ipsam
2138 4255 2411 4328 famam
2465 4261 2685 4329 vento
2736 4260 2810 4330 et
2858 4256 3130 4330 berbae.
3174 4253 3573 4329 Dicendum
3632 4255 3797 4327 bre-

1455 4375 1665 4468 viter,
1718 4375 1916 4469 quod
1969 4377 2157 4451 bene
2207 4374 2376 4451 dicit
2426 4376 2542 4450 hic
2592 4382 2667 4450 et
2717 4375 2837 4468 ibi,
2888 4375 3061 4469 quia
3124 4373 3216 4450 ad
3280 4375 3629 4449 virtutem
3684 4395 3799 4450 se·-

1455 4495 1709 4589 quitur
1761 4495 1958 4570 fama
2009 4502 2084 4570 et
2132 4495 2389 4592 gloria,
2426 4507 2501 4573 et
2536 4497 2758 4570 homo
2792 4501 3027 4590 potest
3060 4495 3252 4570 licite
3285 4502 3633 4590 appetere
3668 4495 3798 4569 bo—

1454 4634 1740 4709 norem,
1792 4616 2084 4691 landem
2139 4623 2215 4692 et
2262 4616 2574 4712 gloriam
2626 4615 2719 4690 de
2772 4615 3035 4690 merito
3082 4635 3243 4709 suo,
3296 4621 3373 4689 et
3420 4614 3479 4688 si
3534 4615 3803 4690 reserat

1457 4734 1597 4808 boc
1649 4735 1722 4808 in
1773 4735 2037 4832 Deum,
2089 4757 2237 4812 non
2304 4735 2377 4809 in
2440 4743 2971 4811 nocumentum
3036 4736 3400 4833 proximi;
3466 4735 3593 4812 sed
3658 4756 3801 4810 non

1457 4854 1675 4930 debet
1723 4877 2000 4953 ponere
2051 4857 2463 4933 felicitatem
2516 4878 2727 4932 suam
2795 4858 2867 4932 in
2928 4877 3038 4951 ea,
3094 4878 3229 4933 nec
3281 4857 3667 4954 superbire
3717 4858 3807 4934 de

1585 5123 1642 5189 (¹)
1677 5127 1784 5184 11⁷,
1819 5123 2048 5174 caliditas
2080 5124 2203 5174 solis
2234 5121 2531 5174 crescendo.
