4392 6850
1429 983 1714 1040 camus
1761 985 2096 1052 onim-us.
2792 974 2927 1040 161

581 1129 688 1206 lta
737 1131 1128 1208 videbatur
1175 1131 1292 1206 isti
1343 1131 1420 1206 in
1471 1139 1812 1206 extremo
1862 1131 2062 1226 quod
2100 1132 2425 1228 Angelus
2474 1131 2715 1207 bonus
2766 1151 2934 1228 per-

581 1253 928 1330 suaderet
947 1252 1084 1330 sibi
1109 1252 1308 1348 quod
1341 1251 1768 1348 poenitentia
1801 1272 2187 1347 nunquam
2225 1258 2467 1347 posset
2502 1273 2665 1329 esse
2698 1253 2931 1344 tarda,

584 1373 756 1468 quia
805 1374 993 1449 latro
1041 1373 1136 1450 de
1183 1393 1410 1448 cruce
1443 1372 1776 1448 transivit
1815 1371 1908 1448 ad
1959 1373 2379 1469 paradisum
2396 1397 2417 1469 ;
2464 1375 2707 1450 malus
2750 1395 2933 1450 vero

585 1493 660 1570 in
691 1493 1148 1568 contrarium
1185 1492 1634 1568 reclamabat
1657 1484 1762 1584 (⁴),
1787 1492 2075 1568 dicens:
2127 1494 2225 1571 ah
2275 1493 2501 1588 fatue,
2542 1493 2781 1568 credis
2824 1500 2931 1586 tu,

585 1632 756 1688 cum
791 1632 1086 1708 semper
1119 1613 1346 1690 fueris
1395 1613 1612 1708 longe
1645 1633 1690 1686 a
1723 1612 1905 1707 Dec,
1942 1633 2143 1687 nunc
2174 1613 2444 1688 salvari
2479 1613 2555 1687 in
2587 1613 2933 1688 instanti?

587 1731 782 1809 unde
829 1733 1048 1808 dicit:
1081 1755 1217 1826 per
1259 1755 1406 1808 una
1443 1736 1843 1826 myrimetta
1873 1735 1994 1806 che
2017 1736 2070 1806 'l
2101 1737 2198 1806 mi
2246 1737 2479 1826 toalie,
2516 1733 2722 1828 idest,
2760 1755 2931 1828 quae

583 1851 797 1949 eripit
847 1852 1026 1928 mihi
1079 1852 1253 1928 illud
1303 1853 1503 1948 quod
1553 1859 1665 1929 est
1713 1860 2076 1930 oeternum
2131 1854 2205 1928 in
2256 1853 2415 1928 isto.
2458 1855 2547 1928 Et
2580 1854 2752 1930 dicit
2784 1854 2933 1929 An-

583 1974 796 2070 gelus
861 1975 1141 2051 malus:
1207 1995 1330 2048 ma
1399 1976 1472 2048 io
1527 1968 1701 2069 saro
1769 1978 1958 2048 altro
2023 1995 2367 2068 yovemw,
2436 1977 2644 2068 quasi
2718 1975 2929 2070 dicat,

585 2094 858 2170 malam
911 2094 1444 2186 tractationem,
1479 2097 1635 2169 dell’
1649 2097 1864 2185 auro,
1899 2093 2194 2189 scilicet,
2228 2093 2323 2168 de
2362 2114 2675 2190 corpore
2728 2116 2932 2170 mor-

587 2214 734 2310 tali,
785 2214 958 2310 quia
1019 2213 1266 2290 anima
1333 2221 1722 2310 separatur
1775 2220 2126 2308 tanquam
2171 2221 2615 2310 perpetuum
2666 2236 2712 2290 a
2761 2235 2931 2290 cor·-

585 2335 925 2431 ruptibili,
961 2342 1048 2410 ut
1093 2333 1264 2410 dicit
1313 2335 1782 2431 philosophus
1815 2335 2002 2410 libro
2051 2336 2144 2410 de
2191 2335 2461 2410 anima.
2490 2375 2591 2390 —
2612 2340 2765 2408 Ben
2794 2339 2926 2408 sai.

583 2455 712 2530 Hic
751 2455 1164 2531 Boncontes
1197 2455 1356 2531 vult
1397 2475 1706 2530 narrare
1739 2475 1954 2529 suam
1991 2455 2447 2549 sepulturam
2490 2455 2928 2552 ignoratam,

587 2581 660 2650 et
689 2575 1196 2672 descripturus
1229 2576 1553 2671 pluviam
1589 2571 1664 2651 et
1699 2581 2208 2670 tempestatem
2243 2575 2663 2670 violentam,
2700 2598 2927 2671 quam

585 2694 876 2772 daemon
923 2695 1270 2770 excitavit
1317 2695 1594 2770 malitia
1643 2717 1778 2770 sua
1811 2695 1906 2770 ad
1947 2694 2361 2770 faciendum
2406 2697 2801 2771 ludibrium
2838 2697 2931 2772 de

591 2835 924 2911 corpore,
987 2815 1364 2910 praemittit
1409 2816 1960 2911 generationem
2025 2816 2291 2912 pluviae
2353 2819 2791 2892 naturalem.
2843 2818 2929 2890 Et

589 2935 683 3012 ad
731 2935 1272 3032 intelligendam
1311 2936 1524 3011 istam
1559 2937 1846 3012 literam
1883 2936 2104 3012 debes
2137 2937 2377 3032 primo
2414 2944 2695 3030 notare,
2730 2935 2927 3031 quod

583 3053 772 3130 sicut
821 3055 1071 3130 scribit
1120 3055 1588 3151 philosophus
1623 3056 1808 3131 libro
1849 3057 2431 3150 Methaurorum,
2474 3063 2549 3132 et
2586 3057 2929 3132 Albertus

583 3195 900 3271 magnus
949 3175 1070 3270 ibi,
1119 3195 1251 3252 aer
1301 3181 1413 3252 est
1451 3175 1830 3251 distinctus
1865 3176 1940 3250 in
1973 3182 2126 3252 tres
2166 3176 2529 3273 regioneS,
2563 3177 2719 3251 sive
2758 3197 2929 3272 par-

583 3302 715 3391 tes,
749 3316 1073 3388 quarum
1113 3296 1454 3391 superior
1485 3305 1597 3372 est
1631 3297 1860 3372 calida
1895 3297 2070 3391 quia
2105 3303 2215 3372 est
2246 3298 2708 3372 contermina
2740 3297 2928 3394 igni3

581 3417 882 3495 inferior
931 3415 1152 3492 etiam
1205 3425 1318 3493 est
1363 3417 1599 3493 calida
1649 3424 1946 3513 propter
1987 3417 2501 3493 refractionem
2547 3417 2925 3493 radiorum

581 3540 708 3635 qui
761 3538 1290 3635 refranguntur
1337 3539 1412 3613 in
1471 3539 1857 3635 superficie
1907 3546 2158 3633 terrae3
2212 3539 2453 3614 media
2506 3560 2708 3633 vero,
2762 3556 2931 3633 quae

583 3664 894 3735 vocatur
941 3658 1436 3755 interstitium,
1490 3666 1603 3735 est
1653 3660 1935 3755 frigida,
1986 3658 2161 3752 quia
2210 3658 2427 3733 distat
2474 3658 2571 3732 ab
2630 3658 2801 3755 igne
2856 3664 2933 3733 et

583 3788 807 3873 terra,
859 3788 934 3855 et
983 3780 1162 3855 radii
1213 3781 1384 3855 solis
1433 3780 1577 3855 cito
1629 3786 2098 3855 transeuntes
2159 3800 2428 3874 parum
2496 3778 2932 3857 calefaciunt

583 3922 774 3979 earn.
827 3900 950 3977 Sol
999 3921 1183 3997 ergo
1231 3921 1404 3975 cum
1461 3900 1678 3975 radiis
1727 3899 1878 3975 suis
1927 3900 2231 3975 attrahit
2282 3918 2639 3994 vaporem
2688 3898 2931 3971 humi-

583 4020 790 4115 dum,
837 4042 884 4096 a
939 4021 1121 4097 mari
1159 4028 1234 4097 et
1263 4028 1462 4096 terra
1501 4040 1740 4113 usque
1775 4019 1868 4093 ad
1903 4019 2116 4093 istam
2171 4019 2551 4115 regionem
2610 4018 2927 4093 mediam

585 4140 944 4239 frigidam,
997 4162 1168 4235 quoe
1219 4141 1712 4216 condensatur
1773 4140 1848 4215 in
1909 4140 2212 4234 nubem,
2265 4160 2433 4232 quae
2494 4138 2755 4213 deinde
2808 4158 2930 4211 re-

583 4264 891 4339 solvitur
939 4264 1016 4337 in
1071 4270 1340 4359 guttas.
1402 4262 1626 4337 Poeta
1687 4280 1869 4357 ergo
1931 4260 2147 4335 valde
2206 4260 2529 4336 breviter
2590 4264 2663 4333 et
2728 4260 2929 4333 clare

587 4385 816 4480 tangit
867 4383 982 4459 hic
1026 4384 1581 4481 ‚generationem
1625 4382 1890 4480 pluviae
1937 4382 2378 4479 naturalem,
2420 4380 2689 4473 dicenS,
2728 4379 2925 4474 quod

583 4504 770 4581 sicut
817 4511 1084 4581 natura
1135 4510 1490 4599 operatur
1523 4503 1598 4577 in
1631 4502 2022 4578 emissione
2060 4501 2348 4596 pluviae,
2384 4500 2485 4575 ita
2528 4520 2725 4574 nunc
2758 4498 2927 4573 fecit

583 4610 913 4699 diabolus
959 4646 1098 4699 sua
1147 4644 1409 4718 opera3
1461 4622 1659 4697 unde
1719 4622 1938 4697 dicit:
2003 4627 2154 4695 Ben
2218 4625 2357 4711 sai,
2410 4620 2619 4714 quasi
2684 4619 2925 4694 dicat:

583 4742 770 4820 scire
817 4742 1041 4819 debes
1091 4750 1446 4837 tanquam
1483 4742 1948 4838 philosophus
1987 4740 2368 4836 naturalis,
2402 4760 2594 4814 come
2642 4743 2706 4813 si
2752 4762 2923 4813 rac-

583 4864 800 4955 coste
849 4866 1005 4937 nell’
1031 4884 1222 4954 aere,
1273 4862 1484 4957 idest,
1533 4861 1854 4957 qualiter
1905 4867 2405 4957 congregatur
2466 4858 2541 4933 in
2604 4858 2921 4935 secunda
2962 4896 2969 4903 ·

709 5116 764 5181 (¹)
797 5116 848 5169 S.
877 5116 1148 5173 reclamat.

851 5224 932 5267 111.
2610 5222 2657 5263 ιι
