4392 6850
1320 968 1597 1026 CANTUS
1644 970 1961 1027 DECIMUS
2010 972 2160 1025 NON
2168 972 2270 1027 US.
2817 959 2970 1027 ,505

628 1110 867 1185 subdit
942 1112 1487 1208 responsionem
1548 1136 1786 1211 suam,
1837 1115 2121 1191 dicens:
2182 1123 2248 1189 et
2303 1118 2418 1210 io,·
2479 1116 2757 1211 supple,
2818 1114 2969 1189 dixi

626 1230 781 1325 sibi,
828 1234 1107 1306 novella
1155 1236 1405 1325 vision,
1450 1254 1861 1329 numquam
1911 1236 2093 1311 alias
2137 1236 2292 1311 visa
2327 1256 2459 1332 per
2508 1234 2765 1337 alium,
2798 1238 2972 1317 cleia

624 1373 699 1425 se
744 1356 841 1425 mi
875 1356 1118 1447 pieqa,
1164 1353 1368 1447 idest,
1404 1355 1626 1430 trahit
1674 1377 1796 1432 me
1845 1356 1939 1431 ad
1989 1356 2459 1454 cogitandum
2513 1376 2736 1451 super
2764 1355 2964 1451 ipsa,

630 1480 712 1547 ut
760 1472 1159 1568 intelligam
1211 1473 1386 1569 quid
1436 1474 1567 1548 sibi
1621 1475 1793 1551 velit
1842 1496 1961 1551 res
2012 1484 2163 1551 tam
2201 1498 2432 1571 nova3
2467 1476 2630 1551 ideo
2664 1475 2866 1550 dicit:
2912 1468 2972 1549 si

626 1596 727 1667 ch’
749 1595 821 1667 io
870 1615 1021 1667 non
1052 1616 1271 1688 posso
1318 1599 1448 1669 dal
1483 1596 1767 1690 pensier
1807 1600 2169 1689 partit-mi,
2211 1597 2346 1670 nisi
2382 1596 2748 1671 inveniam
2793 1594 2970 1688 quid

630 1714 800 1788 latet
850 1716 991 1789 sub
1040 1715 1177 1790 ista
1226 1712 1513 1814 figura3
1566 1716 1729 1791 ideo
1778 1716 1996 1795 dicit:
2058 1722 2141 1811 fa
2203 1720 2372 1790 irmi
2418 1737 2551 1790 con
2601 1722 2798 1788 tanta
2845 1736 2969 1789 su-

628 1836 915 1927 spicion,
967 1834 1172 1929 idest,
1224 1856 1397 1910 cum
1450 1843 1653 1911 tanto
1692 1835 1917 1911 dubio
1952 1836 2344 1912 inclinante
2378 1857 2500 1911 me
2533 1835 2626 1912 ad
2661 1843 2962 1909 terram.

627 1953 899 2029 Deinde
948 1942 1151 2049 ponit
1198 1954 1767 2031 declarationem
1803 1955 2079 2054 Virgilii
2128 1956 2325 2031 circa
2372 1956 2680 2031 dubium
2717 1974 2964 2048 suum,

626 2076 750 2168 qui
800 2076 1041 2171 primo
1090 2077 1390 2173 replicat
1438 2078 1753 2151 formam
1806 2077 2069 2153 somnii
2129 2078 2271 2151 sub
2326 2077 2704 2153 brevitate.
2760 2076 2967 2151 Unde

622 2196 827 2271 dicit:
879 2199 1065 2271 disse
1074 2223 1107 2290 ,-
1158 2198 1278 2272 ille
1326 2197 1715 2293 Virgilius:
1770 2201 2023 2271 vedesci
2071 2200 2300 2289 quella
2359 2200 2650 2289 antiqua
2697 2204 2962 2288 streqa,

622 2315 827 2410 idest,
878 2317 1363 2393 inveteratam
1418 2318 1906 2413 meretricem,
1949 2338 2119 2411 quae
2158 2318 2254 2391 ab
2305 2317 2506 2391 initio
2557 2317 2814 2391 mundi
2849 2336 2967 2391 se—

624 2436 832 2512 duxit
880 2439 1281 2532 hominem,
1332 2442 1453 2511 che
1498 2443 1655 2514 sola
1702 2459 1923 2532 sopra
1968 2442 2091 2511 noi
2126 2441 2320 2511 omai
2347 2442 2412 2511 si
2435 2440 2724 2530 piaque,
2759 2437 2965 2532 idest,

626 2557 927 2651 punitur
976 2565 1054 2633 et
1100 2566 1462 2655 purgatur
1512 2557 1849 2653 deinceps
1900 2558 1975 2631 in
2027 2557 2260 2632 tribus
2306 2556 2596 2632 circulis
2630 2556 2966 2652 superio-

626 2677 867 2771 ribus3
918 2680 1039 2752 vel
1084 2678 1293 2752 dicit:
1346 2697 1515 2773 quae
1565 2678 1720 2753 sola
1750 2670 1823 2769 (')
1878 2680 2113 2773 plorat
2162 2698 2388 2773 super
2425 2698 2578 2771 nOS,
2621 2676 2792 2769 quia
2828 2676 2966 2750 do-

626 2797 725 2871 let
754 2790 828 2889 (²)
882 2818 1015 2873 nos
1066 2798 1449 2873 recessisse
1480 2798 1577 2872 ab
1618 2818 1729 2892 ea,
1766 2796 1919 2893 ipsa
1964 2802 2392 2871 remanente
2425 2795 2750 2890 confusa,
2787 2793 2963 2891 quia

627 2938 771 2991 non
820 2919 1055 3013 potuit
1107 2920 1491 2995 revolvere
1540 2939 1673 2993 nos
1720 2918 1816 2994 ab
1868 2918 2129 2992 itinere
2176 2923 2452 3010 nostro,
2493 2916 2680 2990 sicut
2721 2918 2962 3011 jacta-

622 3036 749 3111 bat
794 3058 877 3112 se
926 3037 1181 3113 fecisse
1226 3038 1321 3112 de
1373 3038 1640 3133 Ulyxe3
1692 3038 1855 3113 ideo
1902 3037 2120 3111 dicit:
2192 3038 2444 3109 vedesti
2488 3056 2680 3109 come
2727 3038 2773 3108 Γ
2799 3054 2990 3129 uom-

622 3160 719 3231 αα
767 3161 857 3231 lei
900 3162 965 3231 si
1008 3162 1231 3250 sleqa,
1282 3158 1577 3251 scilicet,
1628 3178 1761 3253 per
1808 3156 2294 3231 detectionem
2349 3155 2646 3229 foetoris.
2701 3156 2788 3229 Et
2839 3154 2963 3229 dat

622 3278 961 3375 Virgilius
1012 3279 1373 3374 optimum
1424 3279 1807 3353 consilium
1866 3278 2001 3351 sihi
2048 3277 2248 3353 circa
2309 3275 2522 3350 istam
2577 3275 2956 3369 visionem,

622 3400 937 3475 suadens
990 3406 1070 3474 ut
1118 3398 1421 3496 singulis
1458 3398 1807 3474 memhris
1837 3396 2348 3474 accommodet
2389 3417 2528 3472 sua
2577 3396 2841 3490 officia,
2876 3401 2962 3468 ut

623 3520 916 3613 scilicet,
964 3519 1269 3614 pedibus
1316 3519 1646 3593 ambulet
1694 3539 1826 3615 per
1878 3527 2181 3612 terram,
2223 3525 2298 3594 et
2339 3517 2572 3592 oculis
2627 3516 2964 3610 respiciat

620 3641 913 3714 ooelum.
967 3639 1149 3715 Dicit
1199 3659 1415 3736 ergo:
1452 3640 1707 3731 hastili,
1740 3638 2033 3732 scilicet,
2068 3638 2268 3733 quod
2309 3639 2544 3712 vidisti
2593 3637 2686 3713 ad
2737 3637 2964 3712 insor-

624 3761 1021 3836 mationem
1074 3767 1305 3852 tuam,
1354 3781 1394 3832 e
1440 3761 1609 3832 batti
1656 3782 1705 3831 a
1752 3767 1949 3832 terra
1982 3759 2047 3832 le
2076 3762 2437 3851 calcaqne,
2473 3758 2681 3852 quasi
2726 3757 2960 3832 dicat:

620 3881 839 3977 pedes
889 3881 1018 3975 qui
1066 3887 1239 3955 sunt
1302 3881 1450 3975 apti
1520 3881 1667 3954 nati
1730 3881 2141 3973 ambulare,
2190 3879 2610 3955 deserviant
2660 3888 2960 3956 terreno

620 4002 953 4094 incessui,
1004 4009 1071 4076 et
1114 4004 1365 4093 rivolqi
1410 4005 1514 4092 qli
1568 4004 1785 4091 occhi,
1835 4001 1961 4096 qui
2026 4006 2195 4074 sunt
2257 4001 2467 4094 positi
2529 4001 2604 4074 in
2665 4002 2816 4075 alto
2881 4009 2959 4076 et

620 4122 767 4218 apti
836 4121 985 4196 nati
1052 4120 1145 4196 ad
1208 4119 1605 4196 videndum
1668 4121 1837 4214 alta,
1888 4125 1969 4194 al
2012 4125 2264 4212 loyoro
2317 4123 2438 4193 che
2499 4125 2694 4213 gira,
2745 4121 2950 4215 idoet,

622 4250 869 4318 movet
900 4249 977 4317 et
1008 4242 1235 4317 volvit
1282 4240 1761 4335 circulariter,
1802 4245 1871 4314 lo
1908 4261 2077 4332 reqe
2104 4248 2370 4333 eterno,
2405 4241 2698 4335 scilicet,
2733 4241 2958 4336 DeuS,

616 4383 749 4436 oon
797 4367 861 4437 le
906 4372 1061 4437 rote
1108 4383 1389 4454 maone,
1440 4362 1645 4456 idest,
1698 4361 1979 4458 magnis
2028 4361 2260 4456 speris
2312 4362 2428 4436 vel
2479 4362 2958 4436 revolutioni-

618 4485 777 4558 bus.
829 4483 918 4556 Et
968 4485 1109 4558 hoc
1144 4483 1313 4559 dicit
1350 4483 1713 4579 VirgiliuS,
1747 4481 1921 4574 quia
1956 4487 2169 4577 poeta
2205 4481 2542 4576 portabat
2575 4482 2830 4556 oculos
2861 4483 2958 4558 ad

462 4595 469 4606 ’
620 4611 917 4680 terram.
970 4603 1060 4676 Et
1110 4603 1227 4677 hic
1275 4609 1449 4676 nota
1499 4601 1699 4695 quod
1748 4600 1890 4676 suh
1931 4601 2081 4674 istis
2123 4599 2366 4676 verbis
2399 4600 2670 4696 pulcris
2721 4601 2960 4699 Virgi-

621 4724 760 4797 lius
809 4745 959 4798 non
1008 4723 1168 4798 vult
1216 4723 1414 4797 aliud
1462 4721 1707 4796 dicere
1754 4721 1889 4794 nisi
1942 4720 2173 4794 utaris
2209 4721 2358 4796 istis
2409 4719 2720 4794 terrenis
2768 4720 2956 4797 sicut

616 4844 949 4938 pecunia,
998 4843 1198 4939 gula,
1250 4842 1569 4934 luxuria,
1614 4849 1972 4934 quantum
2026 4839 2297 4916 sufficit
2343 4840 2438 4915 ad
2489 4841 2960 4916 sustentatio-

738 5025 2335 5093 (naniam-uvamquinplmatnoem

738 5105 795 5166 (²)
827 5109 939 5163 11⁷,
969 5105 1285 5170 doletquod
1316 5103 1829 5156 reoeoeimm‘abea.
