4392 6850
1492 924 1535 989 5
1544 926 1578 991 1
1590 925 1633 991 0
2209 932 2458 989 COMEN
2459 935 2506 987 Τ
2511 933 2620 989 tm
2667 933 3054 989 PURGATOR
3060 934 3113 987 11

1487 1080 1781 1175 diebus3
1834 1078 2030 1155 unde
2082 1086 2324 1155 morte
2383 1086 2800 1175 praeventus
2865 1099 3004 1155 nec
3059 1078 3398 1153 sacerdos
3449 1077 3830 1153 ordinatus

1488 1208 1621 1277 est.
1672 1199 1858 1276 Dicit
1908 1221 2089 1298 ergo
2138 1198 2536 1275 Adrianus:
2581 1206 2736 1275 Una
2767 1204 3088 1294 flumana
3137 1200 3344 1291 bella,
3397 1198 3502 1273 sic
3548 1199 3738 1273 dicta
3789 1220 3838 1273 a

1490 1320 1793 1396 flumine
1848 1319 2218 1416 Lavagna,
2279 1322 2337 1393 ε’
2364 1322 2630 1414 adima,
2697 1320 2902 1416 idest,
2969 1319 3356 1413 avallatur,
3421 1338 3554 1393 seu
3617 1318 3835 1393 abas-

1372 1465 1377 1471 ·
1488 1447 1716 1534 satur,
1768 1442 1964 1513 imru
2014 1442 2258 1514 Siestri
2303 1462 2342 1513 e
2397 1442 2740 1533 Chiaveri,
2792 1459 2961 1535 quae
3021 1446 3191 1514 sunt
3240 1438 3409 1513 duae
3458 1444 3680 1514 terrae
3731 1438 3836 1512 ri-

1487 1561 1708 1657 periae
1747 1560 2167 1656 januensis3
2231 1564 2300 1633 lo
2365 1564 2514 1635 titel
2569 1563 2686 1635 del
2743 1564 2884 1635 mio
2939 1582 3232 1653 samque,
3283 1560 3491 1655 idest,
3542 1558 3836 1634 illorum

1487 1682 1583 1758 de
1630 1682 1884 1777 Flisco‚
1928 1686 2014 1778 sa
2062 1703 2195 1755 sua
2245 1684 2453 1776 eima,
2504 1681 2712 1777 idest,
2743 1682 3027 1778 apicem
3079 1681 3234 1756 sive
3283 1682 3578 1756 culmen
3629 1681 3837 1756 nohi-

1487 1801 1704 1877 litatis
1754 1810 1830 1879 et
1876 1802 2220 1898 potentiae
2271 1823 2584 1899 magnae,
2623 1824 2662 1875 e
2709 1804 2824 1877 del
2866 1823 2996 1875 suo
3045 1823 3288 1896 nome3
3339 1801 3514 1895 quia
3564 1801 3840 1877 scilicet

1487 1922 1654 1999 dicti
1709 1922 1985 1999 nobiles
2037 1929 2398 1999 vocantur
2447 1921 2752 1999 comites
2802 1921 2895 1997 de
2942 1922 3308 2019 Lavagna,
3359 1942 3494 1996 seu
3551 1919 3648 1995 de
3691 1922 3836 1995 Lo-

1492 2064 1755 2141 vagno.
1812 2043 1919 2119 De
1970 2064 2294 2137 quorum
2345 2064 2626 2142 genere
2675 2042 2979 2118 suerunt
3028 2042 3240 2117 multi
3298 2042 3432 2115 viri
3482 2043 3838 2137 valentes,

1486 2163 1856 2260 praecipue
1888 2163 2097 2265 alius·
2109 2185 2321 2259 papa,
2344 2164 2470 2259 qui
2503 2164 2742 2239 dictus
2773 2168 2886 2239 est
2909 2163 3370 2239 Innocentius
3392 2184 3580 2260 papa
3605 2164 3696 2239 IV
3723 2164 3835 2238 vir

1490 2282 1787 2378 quidem
1840 2282 2297 2380 magnificuS,
2350 2289 2424 2358 et
2473 2283 2889 2359 destructor
2921 2282 3268 2359 Friderici
3309 2285 3392 2378 ll,
3435 2290 3510 2358 et
3545 2282 3840 2359 scienti-

1488 2402 1672 2477 ficus
1721 2404 1797 2476 in
1848 2410 2173 2500 utroque
2213 2405 2392 2500 jure
2425 2411 2499 2479 et
2533 2424 2744 2479 sacra
2777 2405 3162 2501 scriptura.
3216 2406 3304 2479 Et
3352 2405 3572 2478 huius
3623 2406 3840 2480 Inno-

1490 2522 1708 2597 centii
1761 2522 1895 2597 fuit
1947 2542 2171 2619 nepos
2221 2523 2358 2598 iste
2406 2522 2770 2599 Adrianus
2819 2544 2912 2600 ex
2963 2524 3227 2619 fratre3
3269 2524 3398 2619 qui
3439 2524 3588 2599 suis
3623 2527 3837 2600 exul-

1488 2642 1809 2717 tantibus
1880 2642 1973 2717 de
2044 2642 2506 2739 promotione
2577 2665 2714 2719 sua
2789 2643 3015 2719 dixit:
3103 2648 3340 2719 Melius
3412 2652 3571 2719 erat
3645 2646 3836 2721 vobis

1488 2764 1743 2837 habere
1807 2768 2242 2839 cardinalem
2307 2768 2563 2856 vivum,
2615 2786 2826 2857 quam
2868 2786 3136 2859 papam
3198 2772 3566 2840 mortuum.
3599 2806 3694 2821 —
3727 2771 3836 2841 Un

1492 2904 1691 2957 mese.
1725 2883 1856 2960 Hic
1891 2884 2254 2960 Adrianus
2303 2884 2642 2979 ostendit,
2678 2884 2992 2979 qualiter
3045 2884 3330 2960 modica
3380 2885 3830 2979 experientia

1490 3006 1833 3101 cognovit
1870 3006 2334 3103 importabile
2374 3005 2660 3102 pondus
2693 3006 2967 3101 papalis
2999 3005 3366 3104 dignitatis
3397 3006 3680 3081 dicens:
3725 3012 3832 3081 Un

1490 3145 1673 3199 mese
1718 3148 1757 3199 e
1798 3148 1981 3219 poco
2022 3121 2147 3220 pii}
2191 3129 2448 3219 prova'
2496 3128 2569 3200 io
2616 3146 2808 3199 come
2849 3146 3026 3218 pesa
3049 3125 3097 3199 ’l
3140 3146 3332 3217 yran
3383 3134 3660 3220 mamm·
3695 3124 3830 3223 'per

1492 3248 1925 3322 mantellum
1980 3248 2173 3323 Petri
2227 3246 2696 3344 datintelligi
2731 3253 3104 3341 papatum,
3141 3254 3215 3321 et
3251 3248 3593 3343 maxime,
3633 3273 3682 3322 a
3726 3253 3836 3327 clai

1491 3368 1619 3442 dal
1659 3370 1887 3462 sanyo
1935 3372 1991 3444 il
2032 3372 2348 3462 quarela,
2397 3368 2585 3444 sicut
2633 3388 2680 3442 a
2729 3366 2894 3443 labe
2943 3366 3291 3464 avaritiae,
3342 3367 3561 3466 gulae,
3607 3378 3684 3446 et
3717 3372 3835 3447 lu-

1498 3488 1758 3584 xuriae,
1795 3511 1963 3583 quae
1996 3489 2273 3564 foedant
2308 3489 2618 3564 virtutes
2650 3508 2936 3582 omneS‚
2977 3495 3062 3562 ut
3089 3488 3246 3583 jam
3301 3489 3578 3565 dictum
3613 3499 3724 3566 est
3758 3493 3832 3568 in

1496 3605 1733 3703 prima
1774 3615 2001 3704 parte.
2056 3609 2144 3684 Et
2179 3609 2295 3683 hic
2335 3616 2528 3704 nota,
2565 3607 2765 3703 quod
2805 3627 2984 3683 vere
3017 3607 3466 3683 laboriosum
3503 3617 3613 3686 est
3644 3633 3834 3687 onus

1490 3727 1927 3822 pontificale,
1962 3728 2021 3802 si
2072 3727 2337 3803 debeat
2387 3727 2578 3803 bene
2611 3726 2894 3804 servari
2929 3727 3514 3804 immaculatum.
3551 3731 3637 3804 Et
3673 3753 3835 3808 ma-

1494 3847 1607 3944 gis
1640 3855 1948 3946 experto
1986 3856 2275 3945 poterat
2309 3849 2621 3924 credere
2648 3848 3034 3943 Adrianus,
3067 3848 3340 3926 scilicet
3380 3853 3836 3930 sanctissimo

1490 3987 1697 4063 papae
1748 3967 2103 4066 Gregorio
2128 3970 2185 4064 I,
2235 3967 2364 4064 qui
2415 3969 2490 4043 in
2531 3967 2779 4042 multis
2820 3968 3024 4043 libris
3053 3975 3128 4044 et
3161 3969 3336 4044 locis
3369 3969 3566 4048 dolet
3596 3984 3672 4050 et
3703 3973 3834 4051 de-

1490 4089 1729 4184 plorat
1778 4088 1969 4163 istud
2019 4109 2480 4186 gravamen3
2527 4109 2622 4164 ex
2673 4110 2825 4184 quo
2873 4089 3186 4164 ostendit
3226 4092 3588 4167 sarcinam
3631 4093 3828 4170 illam

1492 4207 1707 4282 nimis
1760 4208 2141 4284 molestam
2194 4229 2357 4284 esse
2405 4208 2770 4304 omnihus,
2805 4209 2932 4303 qui
2971 4210 3390 4285 custodiunt
3427 4211 3618 4287 illam
3657 4213 3832 4288 illae-

1492 4348 1673 4402 sam.
1728 4329 1897 4404 Ideo
1947 4329 2136 4404 bene
2188 4329 2624 4405 Coelestinus
2660 4328 2751 4403 lv
2787 4329 2999 4424 quasi
3040 4331 3420 4406 mortifero
3472 4331 3667 4408 fasce
3699 4332 3832 4410 de-

1487 4448 1747 4544 posito,
1780 4469 1953 4523 cum
2002 4447 2274 4545 gaudio
2325 4454 2400 4523 et
2448 4447 2695 4524 laetitia
2729 4449 3194 4526 solitudinem
3247 4453 3646 4548 repetebat,
3689 4453 3826 4528 nisi

1490 4575 1850 4643 retractus
1900 4567 2155 4644 suisset
2205 4589 2430 4664 opera
2493 4567 2882 4664 Bonifacii3
2933 4581 3010 4647 et
3071 4581 3318 4647 tamen
3379 4571 3454 4646 in
3505 4571 3634 4648 illo
3675 4573 3826 4668 pri·

1490 4694 1662 4763 vato
1710 4709 2013 4766 carcere
2062 4695 2312 4765 sancte
2361 4687 2562 4783 vixit,
2598 4696 2671 4764 et
2719 4689 3044 4764 animam
3097 4689 3400 4766 feliciter
3451 4691 3604 4767 Deo
3658 4692 3828 4768 red-

1491 4805 1696 4902 didit3
1732 4809 1856 4884 ubi
1900 4809 2314 4885 Bonisacius
2357 4807 2737 4884 infeliciter
2771 4817 2846 4884 et
2884 4809 3268 4906 desperate
3307 4811 3532 4886 vitam
3575 4811 3824 4888 finivit.

1486 4929 1575 5002 Et
1622 4928 2010 5006 confirmat
2057 4931 2336 5006 dictum
2387 4949 2610 5004 suum
2663 4951 2796 5026 per
2847 4931 3473 5026 comparationem
3528 4933 3832 5028 claram,

1490 5046 1789 5124 dicens:
1860 5051 1981 5123 che
2046 5071 2204 5124 men
2270 5051 2370 5124 mi
2421 5050 2750 5124 sembran
2805 5058 2966 5126 tutte
3038 5056 3084 5126 Γ
3109 5055 3290 5127 altre
3349 5074 3566 5146 some,
3625 5053 3832 5150 idest,
