4392 6850
1477 928 1618 997 326
2191 939 2601 997 counnrun
2653 938 3095 993 ruam-mnu

1473 1086 1662 1161 bene
1709 1082 2096 1179 dispositus
2147 1090 2491 1158 movetur
2524 1082 2617 1157 ad
2652 1081 3233 1176 compassionem
3270 1088 3345 1157 et
3381 1081 3812 1157 recordatur

1473 1226 1552 1279 se
1613 1204 2084 1297 moriturum,
2147 1203 2511 1297 superbus
2572 1222 2753 1278 vero
2812 1203 3217 1278 obstinatus
3280 1224 3427 1278 non
3490 1209 3814 1278 terretur

1472 1324 1738 1397 timore
1789 1322 1903 1397 vel
1957 1320 2315 1398 memoria
2367 1322 2661 1415 mortis3
2699 1321 2795 1397 ita
2840 1343 3037 1398 nunc
3089 1330 3301 1417 poeta
3340 1324 3593 1399 videns
3628 1324 3812 1419 figu-

1476 1466 1592 1518 ras
1653 1442 2172 1537 superborum,
2242 1442 2367 1537 qui
2440 1442 2735 1517 fuerant
2802 1448 2955 1517 tam
3022 1444 3147 1518 alti
3214 1450 3291 1519 et
3359 1444 3663 1541 gloriosi
3738 1443 3808 1517 in

1474 1561 1772 1657 mundo,
1825 1582 2024 1636 nunc
2073 1561 2172 1637 ita
2222 1562 2541 1637 deiectos
2590 1569 2667 1637 et
2714 1568 3139 1657 prostratoS‚
3174 1562 3643 1639 considerans
3684 1563 3805 1657 qui

1472 1685 1758 1760 fuerant
1809 1690 1884 1759 et
1934 1682 2059 1776 qui
2111 1689 2345 1777 erant,
2389 1684 2621 1758 factus
2666 1683 2961 1758 humilis
3011 1684 3441 1759 condolebat
3493 1683 3805 1759 miseriae

1469 1806 1812 1880 humanae
1871 1811 1946 1878 et
2005 1803 2239 1877 ruinae
2300 1803 2751 1897 irreparabili
2818 1804 3339 1898 superborum,
3392 1811 3467 1879 et
3522 1803 3805 1879 videbat

1466 1926 1686 2000 altam
1741 1924 2051 2022 gloriam
2105 1943 2369 1999 eorum
2423 1924 2562 1998 sub
2612 1922 2917 2018 pedibus
2968 1925 3495 1999 conculcatam.

1630 2049 1850 2119 Vedea
1897 2048 2096 2119 colui.
2149 2045 2291 2119 lsta
2342 2051 2453 2119 est
2500 2044 2821 2119 secunda
2872 2065 3041 2139 pars
3094 2044 3479 2142 generalis,
3532 2044 3607 2118 in
3660 2065 3803 2139 qua

1465 2172 1678 2263 poeta
1730 2166 1944 2268 docet
1995 2166 2229 2241 vitare
2276 2163 2697 2259 superbiam
2739 2186 3181 2259 percurrens
3233 2166 3467 2240 multa
3520 2186 3803 2241 memo-

1470 2286 1694 2361 randa
1731 2285 2140 2382 spectacula
2179 2286 2695 2381 superborum.
2726 2286 2815 2359 Et
2850 2284 3087 2381 primo
3122 2285 3368 2379 incipit
3400 2307 3445 2360 a
3486 2286 3801 2361 maxima

1467 2407 1796 2480 omnium
1851 2406 2389 2502 superbiarum,
2425 2411 2501 2481 et
2542 2426 2711 2500 quae
2756 2426 3165 2499 numquam
3222 2406 3477 2479 habuit
3528 2428 3803 2501 parem,

1467 2528 1761 2621 scilicet,
1811 2547 1856 2602 a
1907 2525 2247 2621 superbia
2302 2526 2517 2621 primi
2582 2525 2823 2622 angeli
2886 2526 3013 2620 qui
3068 2526 3297 2601 voluit
3346 2524 3505 2601 fieri
3558 2528 3802 2601 similis

1465 2647 1848 2721 Altissimo.
1911 2646 2094 2721 Dicit
2157 2666 2385 2742 ergo:
2458 2648 2673 2719 Vedea
2736 2648 2943 2736 colui,
3004 2646 3295 2741 scilicet,
3356 2646 3800 2741 Luciferum,

1467 2766 1591 2861 qui
1644 2765 1879 2862 primo
1913 2765 2235 2841 occurrit
2268 2766 2499 2839 oculis
2532 2766 2795 2840 mentis
2844 2766 3026 2860 eius,
3067 2768 3187 2839 che
3222 2771 3305 2861 su
3342 2768 3534 2841 nobil
3564 2776 3796 2843 creato

1457 2882 1582 2981 piei
1629 2890 1698 2960 d’
1724 2890 1914 2961 altra
1961 2894 2320 2977 creatura,
2369 2886 2539 2981 quia
2577 2888 2739 2981 plus
2788 2887 3059 2981 recepit
3092 2887 3185 2961 de
3228 2886 3393 2963 luce
3442 2896 3517 2963 et
3566 2890 3800 2985 gratia

1465 3030 1512 3081 a
1562 3008 1934 3100 Creatore,
1967 3008 2260 3080 scender
2298 3001 2419 3097 92‘&
2450 3008 2579 3079 dal
2612 3009 2780 3080 cielo
2810 3009 3424 3101 solyoreyyiando,
3462 3028 3637 3082 cum
3676 3030 3800 3082 su·-

1469 3128 1718 3223 perbia
1767 3148 1926 3219 sua,
1977 3130 2076 3201 da
2123 3148 2221 3200 un
2270 3130 2439 3218 laco,
2498 3125 2769 3201 scilicet
2818 3127 2913 3202 ab
2966 3127 3403 3223 hemisperio
3454 3129 3798 3226 inferiori,

1468 3256 1552 3323 ut
1598 3250 1810 3343 plene
1859 3249 2134 3323 dictum
2185 3256 2297 3323 est
2347 3247 2539 3322 finali
2590 3248 2911 3343 capitulo
2972 3248 3260 3323 Inferni.
3314 3251 3403 3323 Et
3452 3250 3555 3325 sic
3609 3259 3798 3348 nota,

1467 3369 1688 3463 quod,
1739 3369 1924 3444 sicut
1953 3360 2028 3462 (¹)
2077 3367 2327 3444 scribit
2376 3368 2767 3444 Petrarcha
2821 3368 2895 3442 in
2946 3368 3163 3442 simili
3212 3389 3413 3466 casu,
3460 3370 3641 3446 dans
3688 3394 3801 3448 re-

1469 3487 1790 3562 medium
1845 3496 2098 3564 contra
2149 3489 2603 3584 superbiam:
2658 3489 3215 3567 fundamentum
3270 3513 3467 3568 verae
3519 3495 3803 3570 virtutis

1465 3617 1576 3685 aet
1625 3611 2017 3704 humililaS,
2069 3629 2207 3684 nec
2260 3615 2456 3683 tanta
2506 3610 2799 3684 claritas
2824 3601 2899 3702 (²)
2948 3611 3091 3684 ulla
3130 3616 3239 3686 est
3274 3633 3497 3706 quam
3544 3636 3802 3710 super-

1467 3731 1580 3806 bia
1635 3751 1781 3804 non
1829 3731 2220 3823 obscuret3
2272 3730 2405 3804 scit
2466 3730 2587 3804 ille
2648 3731 2774 3823 qui
2838 3731 3286 3806 clarissimus
3353 3743 3669 3830 creatuS,
3720 3757 3799 3812 se

1465 3851 1702 3947 ipsum
1753 3851 2127 3944 extollenS,
2181 3871 2329 3924 non
2378 3851 2617 3924 solum
2670 3851 3031 3925 obscurus
3080 3853 3208 3926 sed
3257 3853 3590 3950 princeps
3642 3856 3795 3932 fieri

1469 3973 1736 4048 meruit
1787 3971 2288 4046 tenebrarum.
2324 3971 2518 4066 Ergo
2568 3971 2759 4046 hene
2806 3971 2900 4045 ad
2952 3995 3321 4048 summam
3376 3977 3793 4070 superbiam

1461 4099 1713 4168 secuta
1763 4097 1874 4168 est
1933 4112 2231 4166 summa
2290 4092 2637 4165 ruina.—
2666 4095 2951 4166 Vedcva.
3006 4093 3135 4168 Hic
3183 4101 3399 4190 poeta
3458 4096 3795 4172 describit

1461 4213 1865 4289 secundum
1911 4218 2168 4286 actum
2224 4218 2299 4286 et
2348 4210 2693 4286 effectum
2748 4212 3111 4306 superbiae
3156 4214 3497 4289 maximae
3532 4237 3795 4292 secun-

1461 4333 1640 4408 dum
1693 4331 2038 4430 figmenta
2079 4337 2489 4427 poetarum,
2542 4330 2811 4406 scilicet
2852 4333 3126 4408 Briarei
3182 4335 3481 4409 maximi
3534 4336 3793 4434 gigan·-

1463 4453 1573 4547 tis,
1609 4453 1736 4548 qui
1790 4453 2018 4528 voluit
2063 4452 2353 4548 eripere
2390 4473 2705 4548 regnum
2741 4473 3037 4527 summo
3072 4455 3255 4547 Jovi,
3291 4456 3477 4530 sicut
3510 4457 3797 4534 Lucifer

1461 4575 1922 4668 praesumpsit
1971 4579 2228 4646 contra
2281 4572 2855 4666 omnipotentem
2910 4573 3182 4667 Deum3
3244 4575 3405 4650 ideo
3456 4577 3799 4653 fulmina-

1463 4702 1578 4768 tus
1611 4699 1722 4768 est
1753 4713 1923 4767 cum
1965 4691 2122 4766 aliis
2171 4690 2611 4788 gigantibus.
2650 4693 2757 4768 De
2809 4693 2943 4769 isto
2996 4693 3295 4770 Briareo
3334 4703 3411 4770 et
3453 4697 3697 4774 sabula
3724 4690 3797 4792 (⁸)

1457 4813 1838 4910 gigantum
1878 4811 2156 4886 dictum
2191 4819 2303 4886 est
2336 4810 2603 4886 Inferni
2640 4812 2955 4907 capitulo
2992 4815 3223 4888 xxxi
3256 4821 3333 4889 et
3366 4817 3531 4890 alibi
3568 4839 3789 4913 saepe3

1583 4999 1638 5064 (¹)
1672 5000 1732 5050 E.
1765 5000 1902 5050 sicut
1929 4999 2089 5050 semel
2123 4999 2421 5051 petrarcha.
2796 4999 2851 5062 (²)
2882 5000 2943 5050 E.
2978 5001 3181 5052 clarius
3210 5005 3306 5052 cst.

1583 5077 1633 5140 (⁸)
1665 5077 1716 5127 S.
1751 5077 1814 5126 de
1845 5076 2018 5126 sabula
2049 5077 2333 5140 gigantum.
