4392 6850
1499 960 1642 1029 370
2216 972 2625 1028 commun
2674 972 3111 1027 ruam-roan
3157 983 3163 989 ·

1499 1142 1764 1197 saxum
1816 1140 2046 1219 grave
2093 1122 2402 1196 domans
2454 1140 2699 1197 meam
2741 1120 3139 1216 superbam
3176 1119 3565 1194 cervicem.
3604 1119 3693 1192 Et
3724 1117 3839 1193 hic

1500 1250 1693 1337 nota,
1747 1242 1945 1337 quod
1996 1247 2214 1338 poeta
2264 1248 2513 1317 noster
2560 1262 2607 1315 a
2654 1241 3051 1336 juventute
3114 1240 3247 1313 fuit
3298 1240 3662 1335 superbus
3724 1260 3843 1315 ra-

1506 1361 1704 1437 tione
1755 1362 2164 1455 nobilitatiS,
2218 1362 2537 1437 scientiae
2586 1368 2661 1437 et
2710 1360 2879 1436 boni
2930 1368 3202 1456 status;
3240 1361 3367 1435 sed
3400 1369 3627 1437 certe·
3654 1361 3843 1435 bene

1502 1485 1819 1579 portavit
1866 1505 2057 1559 onus
2107 1505 2328 1558 suum
2382 1482 2457 1557 in
2508 1482 2678 1577 vita,
2714 1503 2902 1557 onus
2934 1482 3095 1557 dico
3134 1481 3353 1577 exilii,
3396 1481 3844 1578 paupertatis

1503 1611 1578 1679 et
1629 1603 1912 1679 invidiae
1964 1604 2302 1680 aliorum.
2356 1604 2445 1678 Et
2494 1610 2697 1678 certe
2744 1603 2838 1678 de
2888 1623 3013 1678 me
3066 1602 3309 1679 audeo
3365 1602 3613 1679 dicere
3671 1623 3840 1678 cum

1507 1723 1700 1799 bona
1751 1725 2188 1800 conscientia
2242 1724 2418 1799 iilud
2468 1724 2689 1819 idem,
2726 1723 3016 1816 scilicet,
3052 1722 3250 1817 quod
3300 1723 3405 1797 fui
3453 1721 3845 1818 aliquando

1509 1847 1742 1943 magis
1790 1847 2154 1942 superbus
2205 1866 2429 1939 quam
2481 1845 2805 1938 invidus3
2842 1844 2971 1919 sed
3002 1850 3205 1919 certe
3233 1844 3389 1939 jam
3434 1844 3625 1919 hene
3674 1865 3847 1940 por-

1507 1966 1658 2041 tavi
1708 1988 1974 2042 saxum
2025 1966 2100 2040 in
2152 1966 2429 2040 mundo
2460 1958 2555 2058 (¹).
2608 1966 2699 2039 Et
2748 1964 2862 2039 hic
2912 1970 3129 2060 poeta
3180 1964 3380 2059 ponit
3412 1985 3680 2039 novam
3718 1984 3847 2059 pe-

1515 2086 1844 2161 titionem
1898 2086 2088 2161 illius
2137 2085 2371 2181 Sapiae
2404 2085 2497 2160 ad
2532 2106 2633 2181 se,
2670 2106 2839 2179 quae
2880 2082 3203 2159 breviter
3250 2083 3537 2158 videtur
3570 2082 3846 2158 dicere:

1511 2205 1569 2279 si
1621 2213 1699 2279 tu
1755 2226 1934 2303 ergo
1987 2212 2329 2301 expectas
2381 2204 2679 2302 purgari
2740 2206 2813 2277 in
2880 2204 3213 2278 futurum
3284 2203 3426 2297 hic,
3477 2201 3849 2298 quomodo

1511 2345 1692 2421 ergo
1742 2326 1887 2400 huc
1937 2326 2245 2402 venisti?
2294 2326 2477 2401 Dicit
2526 2344 2741 2421 ergo:
2777 2331 2847 2398 et
2890 2328 3027 2398 ella
3058 2345 3109 2396 a
3148 2344 3282 2416 me,
3316 2324 3594 2418 supple,
3636 2320 3851 2416 Sapia

1509 2444 1726 2519 dixit:
1780 2447 1888 2518 chi
1935 2448 2099 2519 t'lta
2147 2448 2423 2537 dunque
2470 2449 2791 2519 condolco
2842 2440 3099 2538 quassit
3148 2452 3267 2517 tra
3312 2446 3459 2535 noi,
3511 2442 3639 2537 qui
3692 2442 3848 2537 jam

1512 2564 1628 2639 hic
1677 2586 2111 2661 purgamur,
2145 2588 2221 2639 se
2256 2561 2378 2657 qi&
2410 2568 2733 2639 ritornar
2782 2567 3001 2656 credi,
3036 2562 3325 2658 scilicet,
3362 2562 3457 2635 ad
3494 2560 3851 2635 mundum

1511 2684 1876 2760 vivorum.
1933 2686 2020 2759 Et
2069 2686 2417 2761 continuo
2467 2685 2667 2780 ponit
2713 2684 3259 2780 responsionem
3296 2702 3534 2776 suam,
3568 2681 3847 2755 dicens:

1511 2811 1576 2877 el
1619 2807 1718 2895 ἑο,
1767 2807 2043 2901 supple,
2083 2805 2455 2902 respondi:
2490 2808 2731 2897 cosmi,
2764 2808 2867 2880 ch'
2894 2800 2935 2878 ἐ
2968 2826 3159 2879 meco
3208 2826 3245 2876 e
3292 2824 3439 2877 non
3482 2807 3567 2896 fa
3614 2808 3849 2891 moue,

1513 2924 1718 3019 idest,
1759 2924 2110 3022 ,Virgilius
2158 2926 2289 3020 qui
2340 2946 2464 3001 me
2513 2926 2731 3001 tacite
2788 2925 2907 2999 hic
2968 2930 3327 3020 expectat,
3378 2930 3490 2997 est
3546 2922 3667 2995 ille
3727 2919 3853 3015 qui

1513 3064 1640 3119 me
1687 3046 2034 3121 conduxit
2087 3048 2251 3120 huc.
2306 3046 2393 3119 Et
2442 3045 2753 3121 ulterius
2804 3045 3193 3141 respondet
3222 3044 3332 3131 'ad
3376 3043 3445 3117 id
3482 3041 3682 3137 quod
3732 3062 3855 3115 su·-

1515 3186 1646 3261 pra
1697 3164 1980 3241 dixerat
2029 3166 2243 3261 Sapia
2294 3186 2467 3240 cum
2520 3165 2736 3239 dixit:
2788 3168 3131 3259 spirando
3141 3192 3173 3259 ,·
3222 3170 3297 3239 et
3344 3162 3551 3238 dicit:
3604 3184 3643 3235 e
3694 3164 3849 3234 vivo

1511 3306 1716 3377 sone,
1769 3306 2210 3361 reversurus
2260 3286 2355 3361 ad
2407 3287 2805 3381 mundum;
2856 3308 2895 3359 e
2936 3279 3140 3379 pero,
3172 3286 3417 3377 spirito
3465 3286 3686 3374 electo,
3730 3280 3856 3376 qui

1515 3406 1904 3482 salvandus
1954 3429 2058 3502 eS,
2107 3410 2207 3481 mi
2252 3410 2515 3482 richedi
2559 3429 2633 3482 se
2682 3414 2753 3482 tu
2802 3410 2965 3481 vuoi
3010 3410 3113 3481 αι’
3134 3408 3207 3481 io
3256 3427 3513 3482 muova
3554 3423 3781 3478 ancor
3812 3405 3864 3476 li

1515 3531 1777 3600 morlai
1815 3529 2032 3620 piedi,
2067 3527 2272 3622 idest,
2310 3528 2506 3622 quod
2556 3527 2818 3602 vadam
2872 3549 3009 3624 pro
3057 3533 3156 3622 te,
3190 3531 3263 3600 in
3296 3533 3529 3619 parte,
3564 3523 3861 3616 scilicet,

1517 3647 1784 3741 aliqua.
1810 3686 1910 3700 —
1946 3651 2046 3720 O!
2095 3647 2225 3722 Hic
2274 3655 2487 3742 poeta
2540 3648 2740 3742 ponit
2791 3647 3335 3742 responsionem
3379 3646 3568 3720 iilius
3602 3642 3857 3740 Sapiae,

1516 3787 1686 3862 quae
1735 3786 2030 3840 summe
2079 3767 2395 3840 miratur
2444 3766 2535 3842 de
2583 3767 2905 3842 inaudita
2938 3766 3173 3863 gratia
3207 3785 3553 3840 concessa
3586 3763 3853 3856 autori,

1521 3894 1594 3962 et
1628 3887 1806 3982 petit
1840 3887 1972 3960 sibi
2007 3887 2412 3962 orationem
2452 3885 2634 3982 fieri,
2664 3895 2739 3962 et
2771 3888 3043 3961 famam
3080 3885 3385 3962 restitui.
3422 3885 3605 3960 Dicit
3639 3904 3855 3980 ergo:

1521 4015 1594 4082 et
1642 4007 1762 4082 illa
1814 4007 2047 4102 Sapia,
2097 4011 2393 4100 rispose,
2450 4028 2627 4085 cum
2684 4007 3189 4101 admiratione,
3258 4011 3365 4080 O!
3434 4012 3671 4098 questa
3720 4001 3764 4078 e*
3804 3997 3862 4078 εὶ

1521 4151 1690 4204 cosa
1737 4150 1925 4203 nova
1975 4133 2076 4203 ad
2119 4131 2311 4221 udir,
2364 4129 2537 4224 quia
2588 4148 2997 4222 numquam
3062 4128 3197 4202 suit
3252 4109 3500 4202 audita
3552 4125 3647 4200 de
3694 4125 3859 4218 alio,

1521 4254 1642 4325 che
1697 4271 1888 4340 yran
1949 4271 2164 4341 scyno
2228 4246 2290 4340 ἐ,
2342 4248 2546 4344 idest,
2598 4248 2895 4325 evidens
2950 4255 3505 4345 argumentum,
3554 4247 3675 4319 che
3724 4248 3858 4319 Dio

1524 4375 1569 4445 ι’
1596 4373 1766 4460 anti,
1819 4377 1894 4444 et
1919 4360 1994 4462 (²)
2045 4369 2245 4463 quod
2298 4378 2374 4445 tu
2430 4369 2527 4442 sis
2578 4367 2652 4442 in
2698 4368 2935 4464 gratia
2974 4368 3155 4443 eius,
3192 4369 3279 4442 Et
3314 4386 3495 4442 vere
3524 4365 3683 4440 sine
3716 4365 3859 4440 sin-

1524 4490 1762 4588 gulari
1815 4489 2076 4586 gratia,
2126 4497 2342 4583 poeta
2394 4496 2641 4564 noster
2676 4508 2821 4563 non
2855 4494 3141 4584 poterat
3174 4488 3417 4564 facere
3455 4486 3651 4560 istud
3684 4486 3861 4580 iter3

1513 4602 1695 4704 pero
1748 4612 1934 4683 calor
1983 4611 2080 4684 mi
2124 4612 2340 4700 yiova
2388 4613 2500 4684 ool
2536 4616 2653 4682 tuo
2672 4630 2931 4703 preyo,
2964 4610 3175 4704 quasi
3207 4608 3432 4683 dicat:
3468 4605 3859 4701 aliquando

1527 4749 1708 4826 roga
1759 4750 1895 4824 pro
1945 4749 2091 4824 me,
2124 4729 2304 4824 quia
2333 4736 2463 4804 tua
2505 4729 2827 4825 precatio
2860 4729 3079 4805 debet
3118 4749 3281 4804 esse
3320 4729 3550 4824 justa,
3586 4746 3683 4802 ex
3716 4731 3865 4820 q'uo

1526 4871 1607 4924 es
1655 4849 1730 4922 in
1780 4849 2037 4944 gratia.
2092 4849 2177 4921 Et
2226 4849 2427 4945 ponit
2450 4839 2523 4940 (⁸)
2575 4849 2775 4924 aliud
2823 4870 2999 4924 cum
3045 4847 3304 4924 maiori
3355 4867 3563 4941 cura,
3598 4844 3867 4921 scilicet

1654 5033 1708 5095 (¹)
1741 5031 1804 5082 E.
1835 5033 1888 5082 in
1921 5033 2118 5084 mundo
2151 5033 2267 5085 isto.
2300 5033 2371 5084 Et
2399 5034 2501 5086 hic.
2544 5085 2577 5090 ,,
2655 5077 2661 5086 .
2873 5031 2931 5095 (²)
2966 5037 3073 5092 11⁷,
3104 5033 3253 5094 idest,
3286 5031 3428 5097 quod
3458 5035 3519 5082 tu
3550 5030 3637 5080 uis.

1656 5107 1709 5170 (¹)
1743 5107 1806 5157 E.
1833 5106 1908 5158 Et
1937 5109 2068 5171 petit
2097 5107 2255 5160 aliud.
