4392 6850
1241 968 1524 1023 cmws
1572 968 1888 1025 uncinus
1935 970 2261 1026 ‘mm-ms.
2753 960 2895 1027 365

547 1114 794 1186 &adina
841 1114 912 1186 d·
935 1132 1082 1187 una
1131 1133 1306 1187 vera
1351 1104 1541 1205 cited,
1595 1114 1888 1210 scilicet,
1924 1115 2332 1191 Jerusalem
2368 1136 2743 1213 snpernae5
2780 1134 2899 1189 ma

545 1239 616 1309 tu
663 1234 777 1305 ου’
799 1234 981 1325 dire,
1027 1240 1104 1308 et
1137 1233 1423 1329 melius,
1458 1237 1578 1308 che
1627 1239 1884 1311 vivesse
1903 1239 2293 1330 per-emina
2322 1240 2399 1311 in
2432 1240 2669 1323 ltalia,
2718 1237 2891 1332 quia

543 1372 806 1429 omnes
854 1374 1116 1427 sumus
1166 1353 1484 1429 viatores
1533 1362 1610 1429 et
1657 1356 2026 1453 peregrini
2062 1356 2136 1429 in
2175 1357 2479 1431 mundo.
2514 1356 2675 1431 Vita
2710 1377 2895 1454 ergo

545 1474 868 1549 humana
921 1480 1030 1549 est
1081 1475 1422 1570 quaedam
1475 1476 1968 1571 peregrinatio
2001 1482 2074 1551 et
2111 1476 2363 1553 militia
2410 1478 2481 1551 in
2540 1485 2761 1553 terra.
2804 1478 2893 1552 Et

543 1594 714 1669 dicit
763 1595 962 1689 quod
1008 1595 1146 1671 ista
1177 1588 1250 1688 (¹)
1303 1616 1448 1669 vox
1499 1594 1840 1673 veniebat
1875 1616 2137 1691 parum
2186 1619 2232 1672 a
2286 1598 2528 1695 longe,
2562 1599 2727 1675 ideo
2762 1620 2891 1675 ac-

543 1714 759 1789 cessit
807 1714 1044 1812 magis
1093 1734 1346 1811 prope,
1383 1722 1466 1789 ut
1503 1723 1986 1813 cognosceret
2015 1738 2062 1791 a
2094 1738 2251 1812 quo
2284 1720 2727 1813 proveniret.
2766 1720 2891 1795 Di-

542 1834 638 1910 cit
685 1855 904 1933 ergo:
955 1842 1190 1927 questo
1241 1838 1339 1908 mi
1378 1856 1608 1929 parve
1650 1856 1784 1929 per
1827 1839 2134 1929 dsposta
2179 1841 2385 1911 adire
2434 1834 2562 1933 piei
2592 1841 2890 1915 innanzi

543 1958 876 2049 alquanto
923 1958 1046 2029 ohe
1103 1945 1178 2030 ἰὰ
1239 1958 1496 2031 dov'io
1541 1962 1798 2049 stava3
1843 1959 2108 2033 ond’io
2163 1961 2264 2031 mi
2312 1962 2449 2053 feci
2495 1980 2721 2033 ancer
2762 1956 2891 2053 ρίὰ

542 2068 616 2151 ἰὰ
677 2080 954 2169 senine,
1028 2074 1273 2151 eundo
1342 2082 1416 2150 et
1480 2075 1848 2169 loquendo
1911 2076 2100 2151 intra
2169 2077 2467 2151 turbam
2534 2099 2881 2175 magnam

542 2217 708 2293 quae
760 2196 856 2270 ibi
905 2201 1067 2271 erat
1121 2216 1270 2269 non
1330 2194 1618 2291 videns3
1679 2203 1754 2272 et
1811 2196 1916 2271 sic
1973 2197 2250 2273 invenit
2304 2198 2501 2293 quod
2564 2200 2877 2294 petebat.

539 2317 744 2393 Unde
815 2315 1020 2391 dicit:
1083 2323 1200 2389 tra
1261 2319 1308 2389 ἴ
1329 2320 1514 2390 altre
1585 2320 1731 2391 vidi
1783 2320 1901 2391 κη’
1929 2318 2182 2391 embra
2254 2321 2357 2391 ch'
2382 2327 2743 2413 aspectam
2807 2324 2883 2394 in.

541 2440 744 2532 vista,
795 2438 1086 2531 scilicet,
1123 2436 1324 2531 qnod
1371 2458 1516 2533 ego
1549 2438 1982 2533 replicarem
2015 2439 2312 2534 aliquid,
2354 2439 2526 2535 quia
2562 2441 2716 2536 ipsa
2756 2460 2881 2516 so-

541 2561 691 2636 lum
745 2564 1175 2633 correxerat
1221 2556 1500 2633 dictum
1553 2578 1830 2653 meum,
1883 2565 1958 2633 et
2015 2558 2190 2633 nihil
2254 2561 2730 2655 responderat
2790 2560 2883 2637 ad

543 2678 992 2774 propositum
1047 2676 1478 2771 quaesitum:
1515 2684 1592 2751 et
1629 2678 2018 2772 respondet
2055 2679 2437 2771 quaestioni
2474 2678 2733 2774 tacitae,
2768 2680 2879 2754 di-

540 2820 744 2875 cens:
795 2820 836 2871 e
880 2819 956 2871 se
1005 2801 1212 2871 alcun
1261 2799 1708 2889 volesseffir,
1757 2805 2005 2873 come?
2053 2798 2258 2893 idest,
2312 2800 2685 2894 quomodo
2742 2799 2883 2875 sois

542 2928 620 2997 tu
675 2920 872 3015 quod
923 2919 1042 2993 illa
1093 2919 1484 3013 plusquam
1521 2924 1808 2993 caeterae
1857 2926 2335 3015 expectaret?
2382 2920 2555 2997 dicit
2600 2940 2735 3015 per
2784 2920 2883 2993 si-

537 3062 792 3141 gnum,
843 3040 1020 3135 quia
1069 3038 1245 3133 ipsa,
1299 3041 1548 3111 levava
1595 3040 1652 3111 il
1695 3046 1924 3113 mento
1970 3043 2044 3113 in
2093 3062 2174 3113 su
2224 3062 2277 3113 a
2324 3045 2530 3133 qui-sa
2578 3041 2878 3133 d’orbo;

537 3162 700 3239 ideo
750 3161 953 3257 ponit
1001 3178 1214 3235 suam
1267 3158 1688 3254 petitionem
1740 3160 2127 3255 specialem
2179 3161 2275 3235 ad
2334 3182 2535 3253 eum,
2586 3160 2875 3235 dicens:

536 3284 700 3357 αἰεί
722 3284 833 3354 io.-
882 3301 927 3353 o
974 3282 1196 3371 spirto
1243 3280 1364 3351 che
1413 3281 1464 3351 li
1509 3280 1714 3353 dome
1765 3300 1898 3372 per
1947 3283 2151 3373 salim
2206 3280 2409 3375 idest,
2462 3282 2587 3376 qui
2640 3280 2879 3376 poeni-

538 3401 836 3478 tentiam
900 3398 1056 3498 agis
1115 3405 1200 3474 ut
1255 3397 1608 3474 ascendas
1665 3398 1938 3474 coelum
2007 3399 2100 3476 ad
2162 3400 2557 3476 videndum
2607 3402 2871 3496 Deum,

539 3543 760 3619 quem
813 3522 930 3596 hic
981 3520 1234 3596 videre
1285 3540 1430 3594 non
1478 3527 1720 3615 potes3
1773 3527 1848 3596 et
1897 3520 2000 3595 sic
2033 3520 2303 3596 iterum
2339 3521 2667 3616 loquitur
2700 3521 2877 3596 hre-

536 3645 722 3719 viter
773 3649 850 3718 et
905 3641 1274 3717 succincte
1329 3647 1632 3735 captans
1681 3640 2301 3735 benevolentiam,
2353 3648 2427 3716 et
2486 3641 2666 3738 petit
2732 3661 2879 3718 non

537 3764 780 3838 minus
827 3763 1190 3838 breviter:
1221 3763 1526 3856 [ammiti
1555 3767 1786 3852 conto,
1821 3759 2026 3855 idest,
2069 3761 2182 3836 fac
2236 3761 2409 3834 mihi
2461 3767 2535 3836 te
2584 3767 2867 3854 notum,

535 3907 578 3959 o
622 3907 754 3978 per
803 3887 980 3976 loco,
1029 3881 1332 3979 originis
1381 3888 1553 3976 tuae,
1605 3903 1652 3954 o
1694 3901 1828 3974 per
1875 3901 2103 3974 nome,
2145 3902 2299 3976 quo
2327 3873 2403 3974 (¹)
2451 3881 2759 3976 voceris,
2798 3903 2875 3956 se

453 4081 466 4093 ,
537 4014 605 4080 lu
652 4007 746 4078 σε’
783 4007 1008 4096 quello
1067 4005 1187 4076 che
1243 4004 1342 4075 mi
1387 4003 1829 4094 rispondesti,
1881 4001 2056 4096 quia
2125 4002 2493 4076 nesciebat
2542 4003 2681 4076 hoc
2732 4001 2869 4075 nisi

535 4147 665 4224 per
713 4127 1005 4222 signum
1057 4122 1508 4219 praedictum.
1535 4161 1638 4178 -
1660 4126 1763 4196 Ιο.
1801 4121 1932 4198 Hic
1963 4129 2177 4217 poeta
2214 4123 2417 4217 ponit
2458 4121 2871 4216 responsio-

537 4268 704 4323 nem
765 4247 956 4321 illius
1019 4245 1313 4341 spiritus
1361 4243 1456 4318 ad
1507 4265 1610 4338 se,
1661 4241 1788 4338 qui
1844 4244 2231 4339 respondet
2287 4244 2379 4317 de
2436 4243 2597 4318 loco
2646 4250 2721 4318 et
2778 4242 2873 4317 de

533 4368 852 4462 nomine,
901 4366 996 4441 de
1043 4365 1310 4460 quibus
1359 4365 1599 4440 fuerat
1649 4363 2166 4460 interrogatuS,
2218 4370 2294 4438 et
2344 4363 2537 4437 ultra
2590 4363 2729 4437 hoc
2778 4361 2871 4437 de

531 4491 745 4585 culpa
807 4509 954 4583 qua
1017 4486 1134 4561 hic
1183 4492 1566 4582 purgatur.
1619 4485 1708 4558 Et
1765 4483 1885 4558 hic
1939 4483 2245 4558 adverte
2294 4483 2493 4578 quod
2545 4482 2601 4557 si
2654 4487 2865 4578 poeta

531 4615 780 4684 noster
829 4607 1140 4703 petendo
1201 4605 1380 4680 dixit
1437 4625 1672 4700 pauca
1725 4605 1952 4680 verba
2001 4611 2078 4679 et
2125 4604 2343 4698 hona,
2382 4603 2519 4677 ista
2570 4600 2860 4694 mulier,

531 4737 908 4826 tamquam
961 4726 1286 4804 senensis
1331 4732 1406 4801 et
1455 4746 1666 4821 vana,
1724 4727 1957 4802 multa
2007 4732 2084 4800 et
2133 4723 2391 4799 frivola
2438 4723 2865 4798 confabula-

434 4927 440 4934 ,
529 4857 654 4934 tur
703 4869 926 4945 super
973 4847 1240 4925 invidia
1289 4865 1456 4940 sua3
1507 4844 1672 4920 ideo
1721 4865 1868 4920 non
1921 4845 2234 4939 mireris,
2286 4844 2347 4922 si
2397 4851 2613 4940 poeta
2664 4841 2869 4940 fingit

656 5099 712 5164 (¹)
747 5099 810 5150 E.
838 5099 928 5150 illa
961 5113 1075 5152 vox.
1467 5096 1524 5164 (²)
1557 5099 1618 5150 Ε.
1647 5101 1912 5166 quomodo
1943 5103 2162 5152 voceris.
