4392 6850
1243 1029 1518 1084 CAN-rus
1569 1030 1885 1086 nmmos
1932 1031 2287 1098 QUARTUS·
2802 1022 2939 1090 391

599 1179 674 1248 et
723 1194 871 1248 non
920 1173 1232 1269 appellat
1280 1194 1454 1248 eum
1509 1175 1804 1251 nomine
1837 1177 2153 1272 proprio,
2190 1177 2365 1270 quia
2402 1177 2554 1273 ipse
2604 1180 2943 1253 noluerat

596 1313 678 1368 se
728 1293 1131 1387 nominare,
1186 1299 1269 1368 ut
1318 1295 1551 1389 patuit
1601 1316 1870 1390 supra:
1925 1299 2184 1388 quand'
2210 1299 2281 1370 ἑο
2329 1299 2708 1371 rinoembro
2752 1303 2943 1390 Προ-

595 1416 696 1487 lim
745 1417 1060 1509 d’Azzo;
1095 1413 1232 1489 iste
1281 1414 1416 1488 suit
1470 1415 1580 1489 vir
1634 1417 1890 1491 nobilis
1940 1423 2014 1492 et
2061 1417 2356 1492 curialis
2406 1417 2500 1494 de
2548 1417 2939 1512 Ubaldinis,

596 1535 998 1610 clarissima
1053 1535 1275 1629 stirpe
1325 1536 1400 1609 in
1448 1535 1946 1632 Romandiola,
2001 1539 2126 1631 qui
2179 1539 2481 1613 fuerunt
2520 1538 2642 1612 diu
2686 1545 2945 1634 poten-

599 1660 710 1730 tes
758 1655 836 1729 in
885 1655 1168 1751 alpibus
1217 1655 1398 1729 citra
1447 1655 1907 1752 Apenninum
1961 1663 2036 1732 et
2089 1658 2303 1751 ultra,
2355 1678 2583 1754 prope
2640 1658 2945 1735 Floren-

601 1773 802 1870 tiam,
854 1775 1043 1850 sicut
1089 1780 1164 1849 et
1213 1775 1518 1851 comites
1565 1776 1957 1871 GuidoneS,
2009 1777 2102 1852 de
2147 1778 2415 1872 quibus
2454 1779 2611 1874 jam
2664 1777 2935 1854 dictum

599 1899 710 1968 est
759 1915 982 1989 supra
1003 1918 1024 1989 3
1077 1901 1152 1970 et
1200 1895 1414 1970 dicit:
1466 1898 1586 1970 che
1647 1899 1884 1970 vivetce
1955 1918 2168 1970 nosco
2212 1889 2315 1990 (¹),
2391 1898 2683 1994 scilicet,
2751 1906 2943 1974 tem-

600 2033 782 2109 pore
855 2021 1106 2090 nostro
1179 2015 1408 2110 bono,
1486 2036 1636 2110 quo
1713 2015 1785 2089 in
1861 2016 2339 2091 Romandiola
2406 2017 2698 2113 vigebat
2756 2039 2934 2093 vera

599 2135 931 2209 nobilitas
999 2143 1074 2210 et
1152 2137 1380 2210 multa
1443 2135 1769 2230 civilitaS,
1829 2159 1963 2211 con
2035 2140 2261 2211 Guido
2326 2141 2423 2210 da
2488 2143 2734 2211 Prata.
2799 2138 2941 2214 Iste

597 2255 834 2330 Guido
885 2255 1019 2328 fuit
1069 2254 1256 2330 alius
1319 2255 1432 2329 vir
1488 2257 1764 2351 probus
1826 2257 1920 2332 de
1983 2278 2132 2331 una
2203 2257 2395 2352 villa,
2447 2279 2617 2352 quae
2676 2257 2943 2332 dicitur

601 2377 837 2469 Prata,
890 2374 965 2448 in
1017 2374 1289 2451 eisdem
1341 2375 1694 2471 partibuS,
1747 2377 1973 2451 homo
2024 2377 2271 2474 magni
2324 2377 2615 2472 valoriS,
2654 2379 2781 2472 qui
2834 2378 2943 2452 sa-

602 2495 977 2571 miliariter
1052 2496 1338 2570 vixerat
1411 2517 1582 2570 cum
1661 2497 1797 2571 isto
1872 2496 1964 2572 de
2038 2497 2428 2593 Ubaldinis,
2501 2504 2585 2572 ut
2657 2499 2947 2573 dicetur

597 2616 877 2712 plenius
925 2616 1002 2689 in
1053 2616 1370 2711 capitulo
1397 2617 1642 2692 XXIV.
1688 2619 1810 2692 Est
1860 2619 2081 2694 etiam
2117 2619 2259 2693 alia
2293 2619 2461 2693 villa
2504 2618 2577 2693 in
2612 2621 2942 2694 Roman-

599 2737 787 2812 diola
837 2737 1030 2810 inter
1077 2735 1500 2814 Faventiam
1567 2745 1642 2813 et
1700 2740 2150 2835 Ravennam,
2206 2741 2401 2815 unde
2451 2740 2748 2834 quidam
2804 2762 2941 2815 vo·-

601 2860 760 2932 lunt
809 2858 1032 2932 fuisse
1079 2857 1300 2932 istum
1353 2858 1783 2935 Guidonem.
1845 2860 1988 2935 Sed
2049 2860 2246 2956 prior
2309 2861 2662 2956 expositio
2724 2867 2832 2935 est
2864 2853 2937 2954 (¹)

602 2977 836 3075 magis
870 2998 1216 3073 consona,
1243 2978 1415 3071 quia
1446 2986 1659 3073 poeta
1687 2979 2052 3076 colligavit
2081 2980 2297 3053 istum
2326 2979 2735 3055 Guidonem
2766 3001 2939 3054 cum

598 3099 720 3174 illo
769 3099 864 3174 de
913 3098 1298 3172 UbaldiniS.
1327 3139 1424 3154 —
1449 3103 1790 3191 Fedmyo
1851 3103 2170 3193 Τι’ῃποςο.
2226 3100 2355 3174 Hic
2404 3101 2639 3174 Guido
2700 3101 2943 3176 nomi-

601 3225 726 3294 nat
776 3219 1002 3294 alium
1057 3219 1618 3293 romandiolum.
1655 3220 1796 3295 Iste
1829 3220 1962 3294 suit
2003 3221 2116 3294 vir
2164 3220 2422 3294 nobilis
2472 3227 2545 3294 et
2594 3220 2795 3294 dives
2846 3220 2939 3295 de

599 3340 952 3436 Arimino,
993 3339 1205 3414 cuius
1243 3339 1510 3414 domus
1543 3347 1704 3415 erat
1753 3341 2200 3416 domicilium
2252 3340 2718 3437 liberalitatis,
2756 3341 2934 3415 nulli

602 3463 907 3537 honesto
957 3463 1243 3556 clausa3
1283 3464 1857 3537 conversabatur
1892 3464 2054 3537 laete
2088 3483 2261 3536 cum
2302 3462 2643 3537 omnibus
2677 3464 2931 3557 bonis3

599 3582 762 3657 ideo
812 3583 1082 3656 Dantes
1131 3582 1468 3655 describit
1519 3582 1756 3677 ipsum
1817 3603 1862 3657 a
1929 3582 2279 3657 societate
2340 3602 2499 3676 sua,
2552 3604 2721 3677 quae
2773 3589 2935 3658 erat

598 3708 748 3778 tota
781 3702 1180 3777 laudabilis
1217 3702 1400 3777 Dicit
1433 3722 1652 3799 ergo:
1688 3705 2029 3794 Feden‘yo
2074 3706 2395 3794 Itynoso.
2438 3702 2697 3799 Audio,
2733 3704 2932 3797 quod

597 3827 736 3901 iste
798 3822 1116 3900 habebat
1181 3824 1711 3919 pulcerrimum
1771 3829 1990 3919 caput
2048 3824 2478 3920 capillorum
2535 3826 2939 3917 flavorum3

602 3948 764 4022 ideo
817 3966 951 4041 per
999 3943 1470 4037 antiphrasim
1543 3944 1645 4018 sic
1699 3944 1936 4019 dictus
1999 3952 2132 4038 est,
2196 3968 2235 4017 e
2292 3966 2426 4018 sua
2490 3946 2798 4035 briyala,
2851 3943 2945 4017 de

603 4066 967 4140 Arimino:
1021 4070 1096 4139 et
1148 4062 1262 4137 hic
1313 4070 1508 4156 nota,
1549 4064 1745 4157 quod
1788 4064 2196 4137 Ariminum
2250 4069 2360 4139 est
2413 4064 2667 4137 nobilis
2702 4067 2776 4137 et
2808 4084 2943 4137 an-

600 4186 800 4279 tiqua
855 4184 1106 4258 civitas
1157 4183 1656 4257 Romandiolae
1705 4205 1927 4280 super
1971 4186 2159 4259 mari
2213 4185 2529 4277 adriaco,
2566 4183 2939 4277 quondam

603 4303 1059 4379 fidelissimus
1109 4309 1364 4399 portus
1415 4323 1920 4397 romanorum,
1959 4310 2042 4377 ut
2088 4324 2281 4399 saepe
2329 4308 2527 4399 patet
2576 4302 2768 4398 apud
2824 4302 2943 4373 Li-

603 4426 854 4520 vium,
907 4424 1162 4499 habuit
1229 4426 1626 4517 theatrum,
1699 4424 1822 4498 ubi
1883 4422 2096 4498 bodie
2159 4423 2425 4500 dicitur
2491 4421 2808 4514 Forum3
2870 4426 2945 4493 et

602 4566 858 4622 arcum
929 4544 1490 4640 triumphalem,
1559 4543 1684 4638 qui
1757 4543 1997 4617 adhuc
2070 4548 2406 4638 apparet,
2483 4549 2559 4615 et
2646 4547 2943 4636 pontem

599 4666 1153 4761 pulcerrimum.
1206 4706 1306 4721 -
1362 4670 1465 4737 La
1521 4685 1693 4737 casa
1763 4670 2227 4736 Traversara.
2292 4662 2422 4738 Hic
2478 4660 2712 4737 Guido
2797 4682 2945 4736 non

601 4792 984 4861 contentus
1035 4786 1450 4861 nominasse
1499 4806 1720 4879 supra
1766 4784 2002 4858 solum
2043 4783 2344 4871 Petrum
2382 4781 2939 4857 Traversarium

728 5012 782 5073 (¹)
818 5014 908 5061 117
939 5022 970 5061 ο
1001 5010 1064 5060 Ε.
1096 5023 1254 5069 vesco,
1289 5008 1504 5070 scilicet,
1528 5012 1764 5072 tempore
1795 5012 1968 5059 vestro
2000 5008 2138 5058 bono
2169 5007 2377 5072 quando
2409 5008 2461 5057 in
2492 5004 2835 5057 Romandiola
2868 5007 2949 5056 vi-

605 5088 756 5154 gebat
789 5100 910 5137 vera
941 5086 1178 5137 nobilitas
1209 5091 1264 5138 et
1296 5086 1461 5137 multa
1494 5086 1775 5136 curialitas.

729 5160 787 5225 (⁸)
818 5162 871 5213 S.
904 5162 1108 5213 videtur
1138 5163 1302 5227 magis
1333 5174 1574 5213 consona.
