4392 6850
1310 977 1320 986 “
1426 989 1704 1047 camus
1753 991 2086 1059 Qum'rus.
2790 983 2937 1050 155·

575 1156 752 1209 rum
803 1136 1094 1211 condita
1147 1142 1278 1210 est.
1333 1136 1668 1210 Primum
1713 1157 1896 1234 ergo
1949 1157 2222 1213 nomen
2272 1139 2494 1213 huius
2546 1141 2750 1214 urbis
2800 1141 2936 1216 fuit

576 1255 966 1352 Euganea3
1016 1255 1277 1330 deinde
1339 1263 1597 1331 vocata
1655 1264 1768 1332 est
1823 1257 2235 1352 Patavium,
2294 1259 2596 1333 demum
2650 1260 2927 1335 Padua.

574 1377 698 1451 Est
747 1377 970 1451 etiam
1021 1377 1520 1472 potentissima
1553 1377 1650 1451 ab
1684 1377 1880 1452 olim.
1917 1379 2154 1466 Quam
2191 1379 2368 1453 olim
2420 1380 2683 1458 invasit
2718 1383 2933 1457 Cleo—

576 1495 794 1569 ninus
845 1515 976 1570 rex
1027 1496 1245 1592 Illyrii
1279 1487 1380 1590 (⁴),
1433 1496 1636 1590 idest,
1681 1497 2123 1592 Sclavoniae3
2161 1497 2290 1572 sed
2338 1500 2530 1574 male
2581 1499 2715 1574 sibi
2766 1521 2931 1576 ces-

574 1615 686 1709 sit,
738 1616 926 1689 sicut
977 1615 1226 1689 scribit
1277 1615 1477 1694 Titus
1525 1615 1772 1690 Livius
1825 1617 2233 1712 paduanus,
2285 1619 2778 1694 nobilissimus
2813 1622 2927 1695 hi-

570 1736 1039 1810 storicorum.
1095 1737 1202 1809 De
1254 1737 1389 1810 hae
1427 1735 1713 1810 dicetur
1753 1737 1924 1810 alibi
1960 1737 2283 1832 capitulo
2314 1739 2412 1812 IX
2446 1741 2793 1814 Paradisi.
2837 1742 2927 1815 Et

569 1855 783 1930 dicit:
839 1846 912 1928 ἰὰ
961 1858 1123 1930 dov'
1145 1859 1216 1929 io
1257 1853 1382 1949 ρι’ἰι
1431 1860 1664 1930 εἰσανο
1713 1879 1902 1930 esser
1951 1861 2247 1932 credea:
2298 1861 2473 1953 quia
2528 1861 2719 1936 inter
2771 1862 2919 1936 Ve-

572 1977 807 2052 netias
859 1983 934 2050 et
980 1977 1330 2072 Paduam,
1394 1978 1580 2052 duas
1640 1977 2184 2053 florentissimas
2252 1981 2497 2074 urbeS,
2555 1981 2675 2055 ubi
2743 1983 2929 2056 solet

571 2095 716 2171 iter
767 2117 927 2172 esse
978 2097 1448 2171 tutissimum.
1486 2098 1574 2170 Et
1621 2097 1868 2171 subdit
1899 2105 2241 2190 autorem
2295 2120 2448 2173 suae
2503 2101 2781 2194 mortis,
2818 2101 2929 2175 di-

573 2237 794 2292 cens:
848 2219 1006 2310 quel
1050 2219 1147 2290 da
1197 2219 1370 2304 Esli,
1407 2217 1612 2312 idest,
1648 2217 1797 2292 Azo
1833 2219 2162 2292 marchio
2197 2220 2521 2314 estensiS,
2556 2223 2613 2295 il
2654 2225 2729 2315 se
2773 2226 2927 2315 sar,

571 2357 707 2433 per
742 2337 1057 2411 famulos
1092 2357 1300 2432 suos3
1335 2343 1410 2411 et
1443 2337 1570 2430 qui
1603 2358 1736 2432 per
1769 2338 1995 2411 alium
2036 2339 2228 2433 facit,
2259 2359 2390 2434 per
2424 2359 2505 2414 se
2539 2341 2777 2436 ipsum
2812 2342 2930 2415 fa-

569 2477 742 2532 cere
777 2457 1088 2531 videtur.
1125 2457 1216 2530 Et
1249 2456 1366 2531 hie
1401 2464 1596 2551 nota,
1626 2458 1824 2552 quod
1849 2460 2106 2532 Estum
2133 2452 2205 2552 (²)
2237 2468 2347 2534 est
2394 2460 2925 2535 nobilissimum

570 2585 897 2653 castrum
933 2578 1322 2671 antiquum
1359 2585 1434 2652 et
1468 2578 1726 2672 fertile,
1761 2579 2033 2653 distans
2083 2601 2129 2654 a
2179 2580 2431 2654 Padua
2482 2601 2617 2677 per
2667 2581 2919 2678 viginti

578 2698 905 2792 quinque
956 2697 1313 2792 milliaria,
1370 2697 1564 2771 unde
1616 2697 1791 2772 olim
1859 2699 2078 2773 traxit
2128 2700 2515 2796 originem,
2568 2707 2645 2775 et
2694 2700 2925 2776 deno·-

572 2817 1046 2892 minationem
1121 2817 1520 2892 clarissima
1597 2817 1862 2892 domus
1937 2818 2335 2893 illustrium
2401 2821 2962 2895 marchionum·

572 2939 994 3032 estensium,
1045 2959 1178 3033 per
1231 2938 1458 3012 multa
1512 2939 1761 3013 secula
1811 2939 2103 3034 florenS,
2156 2949 2231 3015 et
2283 2941 2561 3035 ubique
2613 2943 2919 3038 famosa,

569 3079 736 3153 quae
787 3059 1208 3156 dignissime
1258 3059 1775 3134 denominatur
1835 3060 1928 3134 ab
1993 3061 2135 3134 Est.
2198 3062 2352 3136 Hoc
2412 3062 2605 3137 enim
2676 3065 2920 3138 solum

567 3180 881 3254 verbum
935 3187 1060 3271 esc,
1094 3181 1502 3274 appellatur
1537 3179 1850 3254 verbum
1888 3180 2452 3276 substantivum,
2490 3182 2617 3256 ubi
2644 3189 2918 3259 caetera

565 3299 1029 3395 appellantur
1077 3298 1592 3393 accidentalia3
1645 3299 1818 3394 imo,
1873 3306 1956 3373 ut
2006 3300 2324 3396 theologi
2392 3302 2672 3397 volunt,
2724 3302 2919 3376 istud

566 3419 882 3494 verbum
952 3428 1055 3494 esc
1117 3420 1412 3516 proprie
1474 3419 1916 3516 praedicatur
1974 3420 2066 3495 de
2115 3424 2271 3496 solo
2320 3424 2495 3498 Deo.
2544 3425 2687 3499 Ista
2738 3445 2921 3521 ergo

569 3541 836 3615 domus
886 3542 1189 3617 estensis
1241 3544 1393 3617 sola
1457 3548 1570 3616 est
1628 3543 1701 3615 in
1766 3544 1947 3618 flore
2007 3543 2196 3618 inter
2258 3544 2517 3618 domos
2576 3546 2922 3639 antiquas

565 3659 772 3734 istius
820 3663 1048 3756 partis
1095 3662 1342 3757 Italiae,
1409 3663 1665 3756 quales
1732 3662 2036 3737 suerunt
2101 3664 2369 3738 domus
2428 3665 2521 3739 de
2587 3665 2917 3759 Camino,

563 3780 656 3855 de
707 3783 1040 3857 Romano
1091 3790 1166 3857 et
1216 3784 1506 3857 similes,
1562 3785 1648 3857 Et
1708 3783 1921 3857 dicit:
1975 3788 2093 3856 che
2145 3788 2440 3858 m’avea
2506 3788 2581 3859 in
2642 3789 2787 3877 ira,
2840 3793 2917 3860 et

565 3902 856 3996 merito,
909 3903 1084 3996 quia
1132 3903 1244 3978 ira
1295 3910 1406 3977 est
1455 3904 1816 3998 appetitus
1867 3904 2226 3999 vindictae,
2281 3905 2605 3979 maxime
2654 3912 2912 3980 contra

560 4024 1237 4118 parvipendentem,
1295 4030 1376 4097 ut
1427 4025 1586 4098 vult
1636 4024 2136 4120 philosophus,
2179 4032 2255 4099 et
2306 4026 2514 4099 dicit:
2556 4030 2751 4099 assai
2789 4023 2917 4117 pin)

559 4134 659 4235 ed,
711 4146 832 4217 che
879 4146 1092 4217 dritto
1140 4164 1286 4217 non
1335 4147 1554 4217 volea.
1611 4146 1761 4217 Hoc
1809 4154 2188 4239 exponunt
2236 4144 2484 4239 aliqui,
2538 4144 2741 4239 idest,
2797 4145 2915 4219 ul-

561 4264 796 4339 terius
846 4284 1072 4358 quam
1123 4264 1246 4359 jus
1307 4264 1667 4360 exigebat,
1735 4264 1908 4358 quia
1958 4265 2231 4339 scilicet
2288 4270 2500 4339 extra
2560 4266 2913 4340 terminos

471 4440 474 4443 -
562 4404 717 4458 suae
759 4384 1320 4479 jurisdictionis:
1375 4373 1456 4458 tu
1508 4404 1688 4459 vero
1729 4384 1866 4479 dic,
1914 4385 2223 4459 ulterius
2258 4405 2483 4479 quam
2521 4384 2673 4479 ipse
2708 4405 2911 4458 mar·-

562 4504 724 4578 chio
767 4506 1092 4599 ‘volebat,
1153 4506 1328 4599 quia
1387 4506 1680 4580 volebat
1740 4505 1937 4599 quod
1983 4507 2120 4579 hoc
2174 4504 2385 4579 fieret
2420 4504 2759 4579 venetiis,
2824 4504 2915 4578 Et

564 4626 805 4699 subdit
852 4626 988 4700 iste
1023 4626 1342 4721 spiritus,
1377 4626 1748 4720 quomodo
1783 4632 2073 4719 poterat
2105 4624 2412 4699 faciliter
2464 4625 2802 4719 evadere,
2854 4624 2914 4699 si

563 4752 770 4821 recto
824 4767 1052 4820 cursu
1087 4746 1392 4842 fugisset
1431 4766 1692 4819 versus
1726 4746 2095 4841 Paduam3
2133 4746 2331 4821 unde
2364 4746 2570 4819 dicit:
2616 4766 2737 4817 ma
2768 4748 2913 4817 s’io

556 4869 734 4961 sossi
775 4870 1048 4959 suyqico
1096 4863 1298 4940 iuver
1347 4870 1417 4939 la
1468 4869 1686 4958 Mira,
1726 4886 1895 4959 quae
1939 4872 2050 4940 est
2098 4866 2441 4960 quaedam
2496 4864 2665 4939 villa
2715 4865 2911 4938 ultra

687 5119 742 5183 (¹)
775 5120 836 5169 E.
868 5120 1085 5183 lllyrici,
1119 5120 1249 5169 idest
1279 5133 1372 5169 rex
1405 5117 1707 5171 Scin-onia.
2023 5120 2075 5185 (¹)
2108 5121 2171 5173 E.
2205 5122 2344 5171 Este.
