4392 6850
1222 965 1499 1022 cfflrus
1550 965 1862 1022 memus
1909 966 2298 1023 SECUNDUS·
2782 954 2919 1022 341

581 1117 853 1207 aleiero,
890 1113 1095 1208 idest,
1140 1135 1313 1189 cum
1364 1114 1601 1208 capite
1651 1115 1939 1189 elevato
1986 1115 2080 1190 ad
2130 1115 2417 1212 sydera,
2472 1136 2642 1189 cum
2698 1116 2925 1191 debe-

581 1233 752 1309 retis
813 1234 1178 1328 respicere
1243 1240 1544 1328 terram,
1612 1233 1706 1309 de
1767 1255 1912 1328 qua
1985 1236 2178 1329 estiS,
2239 1257 2277 1308 e
2338 1257 2486 1309 non
2549 1239 2818 1311 altinate
2874 1240 2929 1311 il

579 1357 788 1446 volco,
839 1354 1115 1430 ironice
1143 1347 1243 1448 (¹),
1305 1354 1511 1448 quasi
1579 1354 1816 1429 dicat:
1878 1356 2229 1432 inclinare
2289 1355 2676 1452 deberetis,
2736 1359 2925 1432 sicut

579 1493 720 1571 ego
771 1493 968 1548 nunc
1003 1474 1160 1569 feci,
1196 1466 1272 1547 -εὶ
1305 1476 1427 1547 che
1459 1478 1772 1564 veqyiate
1806 1478 1863 1547 il
1898 1482 2136 1549 vostro
2177 1479 2327 1549 mal
2359 1482 2682 1567 sentiem,
2716 1478 2923 1573 idest,

581 1594 773 1670 viam
828 1598 1226 1689 ruinosam,
1279 1616 1505 1689 quam
1568 1617 1766 1672 nunc
1820 1595 2216 1691 descripsit,
2268 1598 2759 1673 continentem
2813 1598 2927 1672 in-

583 1716 882 1789 teritum
933 1716 1448 1812 superborum.
1511 1716 1599 1789 Et
1662 1716 1779 1792 bic
1841 1722 2037 1810 nota,
2089 1717 2344 1812 lector,
2398 1717 2594 1813 quod
2657 1719 2926 1793 Dantes

581 1835 776 1911 dedit
827 1836 943 1913 bic
992 1836 1583 1932 compendiosam
1631 1836 2036 1911 doctrinam
2083 1837 2279 1912 circa
2315 1838 2733 1933 superbiam
2770 1840 2927 1914 evi-

584 1941 922 2051 tandam3
972 1959 1099 2033 sed
1148 1958 1208 2031 si
1260 1957 1438 2033 velis
1488 1957 1856 2053 copiosam
1910 1957 2325 2052 materiam,
2380 1959 2543 2034 vide
2591 1959 2926 2035 luculen-

587 2076 942 2152 tissimum
975 2070 1048 2170 (²)
1101 2080 1481 2175 speculum
1537 2100 1685 2174 quo
1720 2079 1993 2175 poteris
2025 2078 2312 2154 clarius„
2330 2086 2405 2155 et
2444 2081 2726 2175 plenius
2761 2101 2927 2176 spe-

583 2198 835 2294 culari,
903 2200 1173 2275 scilicet
1242 2199 1512 2274 librum
1580 2201 1672 2274 de
1735 2199 2040 2275 Casibus
2109 2200 2438 2274 virorum
2509 2201 2927 2295 illustrium,

583 2341 807 2416 quem
860 2321 1235 2418 eleganter
1296 2320 1515 2396 edidit
1571 2320 2006 2395 Boccaccius
2063 2319 2158 2395 de
2220 2320 2559 2394 Certaldo
2621 2321 2735 2394 vir
2785 2322 2927 2394 bu·-

587 2441 933 2517 millimus
984 2440 1393 2515 hominum.

731 2556 862 2636 Ρίὰ
910 2583 1040 2634 era
1087 2550 1230 2652 yid.
1285 2562 1423 2634 Ista
1476 2566 1586 2634 est
1637 2559 1851 2634 tertia
1901 2564 1997 2633 et.
2031 2558 2288 2634 ultima
2323 2580 2492 2654 pars
2541 2561 2927 2657 generaliS,

588 2683 662 2757 in
710 2703 858 2776 qua
911 2687 1124 2777 poeta
1177 2688 1428 2755 noster
1477 2678 1820 2755 describit
1873 2701 2104 2753 unum
2158 2682 2510 2777 angelum
2548 2682 2671 2775 qui
2710 2703 2931 2755 mun·-

588 2803 712 2882 dat
761 2804 1000 2899 ipsum
1051 2803 1147 2876 ab
1197 2801 1335 2876 isto
1389 2801 1623 2895 primo
1675 2801 1850 2875 vitio
1900 2801 2285 2895 superbiae,
2338 2808 2411 2876 et
2462 2802 2701 2898 dirigit
2753 2824 2928 2877 eum

590 2923 681 3000 ad
730 2923 1138 2999 secundum
1190 2921 1576 3014 circulum,
1614 2922 1685 2994 in
1722 2941 1872 3015 quo
1913 2921 2214 3016 punitur
2247 2921 2533 2997 invidia.
2575 2925 2661 2997 Et
2696 2924 2933 3019 primo

591 3044 902 3121 ostendit
950 3042 1322 3137 quomodo
1356 3041 1698 3138 Virgilius
1738 3041 2153 3116 invitaverit
2186 3061 2361 3115 eum
2406 3042 2499 3118 ad
2538 3042 2930 3118 videndum

592 3165 965 3262 angelum,
1018 3162 1192 3255 quia
1232 3163 1390 3257 jam
1444 3162 1761 3234 multum
1817 3160 2165 3255 temporis
2201 3168 2275 3236 et
2314 3162 2453 3236 loci
2498 3164 2937 3240 transiverat

594 3285 666 3359 in
718 3285 836 3359 illa
870 3322 875 3328 ·
905 3283 1348 3379 inspectione
1406 3281 1859 3379 figurarum3
1913 3281 2108 3356 unde
2169 3282 2385 3357 dicit:
2443 3278 2570 3357 Piz'c
2628 3307 2757 3359 era
2813 3276 2939 3378 yid

584 3427 720 3500 per
748 3407 871 3479 noi
902 3407 1017 3480 del
1046 3411 1275 3479 monte
1308 3406 1517 3494 volto,
1554 3402 1726 3498 quia
1752 3402 1909 3498 jam
1946 3421 2524 3498 perveneramus
2566 3405 2657 3479 ad
2713 3405 2934 3483 finem

591 3526 808 3623 primi
858 3525 1112 3600 circuli
1163 3525 1684 3620 superborum,
1734 3545 1772 3597 e
1820 3526 1935 3598 del
1987 3527 2222 3597 camin
2253 3527 2370 3598 del
2395 3528 2539 3598 sole
2588 3531 2782 3602 assai
2809 3523 2939 3621 pii)

591 3667 820 3741 spese,
869 3645 1044 3741 quia
1085 3647 1242 3741 jam
1297 3644 1735 3720 transiverat
1786 3650 1992 3725 sexta
2062 3644 2241 3718 hora
2300 3643 2465 3738 diei,
2538 3652 2620 3718 ut
2694 3649 2937 3722 statim

593 3766 879 3844 dicetur
930 3767 1023 3841 de
1075 3777 1416 3860 utroque,
1452 3767 1571 3838 che
1607 3786 1750 3837 non
1782 3767 2084 3838 stinmva
2135 3767 2179 3837 F
2207 3769 2445 3839 animo
2480 3787 2624 3839 non
2672 3770 2940 3860 sciolco,

597 3888 803 3982 idest,
874 3886 1140 3983 ligatus
1211 3886 1405 3961 circa
1473 3884 2046 3981 speculationem
2127 3885 2421 3959 illarum
2503 3886 2938 3983 figurarum,

599 4007 769 4102 quia
836 4007 935 4080 ita
995 4012 1271 4081 attente
1337 4011 1723 4080 notaverat
1775 4004 1953 4098 illas,
2012 4006 2210 4099 quod
2261 4027 2408 4080 non
2461 4008 2944 4101 perpenderat

599 4127 696 4203 de
756 4125 920 4201 loco
972 4126 1088 4200 vel
1152 4124 1246 4201 de
1314 4132 1668 4220 tempore,
1722 4127 2006 4219 quando
2072 4128 2277 4218 col-ui,
2343 4126 2633 4220 scilicet,
2701 4127 2940 4224 Virgi-

599 4248 766 4340 lius,
815 4249 936 4320 che
979 4266 1254 4339 sempre
1310 4249 1599 4320 andava
1655 4253 1896 4336 actes-0,
1948 4244 2151 4341 idest,
2203 4251 2549 4340 attentus,
2616 4249 2933 4340 innanzc,

596 4360 963 4457 commiti,
1033 4366 1310 4462 supple,
1378 4366 1622 4441 dicere
1698 4366 1922 4439 mibi.
1999 4369 2256 4440 drizza
2320 4369 2393 4440 la
2458 4374 2655 4457 testa,
2716 4388 2941 4461 quam

605 4487 899 4565 tenuisti
983 4488 1369 4581 hucusque
1439 4485 1856 4560 inclinatam
1929 4485 2022 4560 ad
2086 4492 2388 4581 terram,
2458 4487 2629 4581 quia
2695 4509 2840 4562 non.
2905 4512 2944 4563 e

599 4617 828 4701 tempo
877 4611 977 4682 da
1023 4612 1142 4699 9ir
1180 4603 1308 4701 piz'c
1337 4600 1401 4680 si
1431 4628 1740 4699 sospes-0,
1793 4606 1989 4681 circa
2040 4607 2696 4683 considerationem
2749 4630 2945 4704 prae-

602 4729 1018 4823 dictorum3
1071 4735 1147 4805 et
1209 4748 1383 4804 ecce
1434 4749 1667 4822 quare
1737 4748 1928 4803 non:
1985 4732 2138 4803 vedi
2184 4719 2341 4803 cold
2390 4750 2487 4803 tm
2534 4732 2812 4821 anyeIO,
2866 4729 2940 4806 in

598 4851 791 4943 alte,
827 4851 946 4923 che
991 4852 1395 4942 s’appresta
1434 4870 1571 4941 per
1623 4852 1821 4921 venir
1856 4870 2058 4922 verso
2091 4852 2231 4922 noi.
2269 4850 2359 4923 Et
2409 4848 2525 4925 hic
2560 4856 2731 4925 nota
2768 4871 2947 4925 con-

737 5110 795 5177 (¹)
832 5117 940 5170 117,
973 5112 1169 5163 ironice
1200 5111 1451 5176 loquitur,
1484 5112 1646 5176 quasi.
2024 5108 2080 5174 (¹)
2114 5116 2221 5173 117,
2256 5111 2681 5163 lucentissimnm.
