4392 6850
1396 959 1674 1016 currus
1723 958 2065 1016 OCTAVUS·
2764 946 2901 1017 241

561 1103 895 1183 liciarum
947 1103 1230 1200 planus,
1269 1101 1537 1196 viridis,
1589 1104 1974 1200 herbosus,
2011 1102 2311 1180 floridus
2340 1095 2459 1199 (¹);
2500 1104 2710 1178 simili
2750 1123 2911 1184 me·-

561 1225 866 1327 tapbora
918 1244 1100 1298 usus
1167 1229 1278 1300 est
1333 1223 1604 1300 Inferni
1669 1223 1988 1324 capitulo
2021 1223 2142 1300 uu
2189 1223 2611 1300 describens
2660 1226 2903 1302 locum

563 1345 893 1422 vinorum
947 1343 1366 1440 illustrium,
1425 1351 1502 1420 et
1561 1344 1658 1418 ibi
1725 1345 1972 1422 notavi
2035 1345 2128 1420 de
2182 1343 2631 1442 proprietate
2688 1344 2909 1420 huius

563 1466 1036 1562 metaphorae,
1089 1464 1252 1540 ideo
1312 1471 1462 1540 non
1531 1470 1806 1562 repeto,
1859 1485 1956 1542 ne
2013 1465 2150 1540 sim
2216 1465 2431 1542 nimis
2486 1466 2787 1564 longus3
2846 1463 2907 1543 si

565 1605 744 1684 ergo
795 1585 1070 1662 habeas
1120 1590 1396 1660 tantam
1449 1583 1806 1683 gratiam3
1845 1587 2016 1660 diuo
2069 1606 2118 1658 a
2167 1605 2302 1676 me,
2350 1606 2429 1658 se
2473 1589 2587 1659 sai
2632 1588 2907 1660 novella

566 1729 764 1800 wa,
829 1726 978 1780 non
1025 1703 1259 1801 fingas
1309 1705 1509 1799 mibi,
1561 1707 1636 1778 di
1689 1708 1814 1779 ναι
1859 1708 1934 1780 di
1981 1710 2259 1780 Macra.
2302 1706 2433 1782 Hic
2484 1712 2655 1781 nota
2704 1706 2903 1802 quod

565 1827 808 1906 Macra
857 1831 968 1902 oet
1015 1825 1286 1902 fluvius
1327 1845 1580 1921 rapax,
1615 1824 2140 1924 innavigabilis,
2187 1832 2271 1902 ut
2319 1826 2491 1902 dicit
2540 1828 2907 1920 Lucanus,

569 1947 694 2044 qui
761 1946 1028 2021 labitur
1099 1945 1296 2042 apud
1357 1945 1738 2038 antiquam
1801 1944 2167 2020 civitatem
2222 1945 2587 2022 desertam
2638 1947 2909 2046 Lunae,

569 2067 764 2148 unde
815 2069 972 2142 baec
1023 2065 1280 2144 eadem
1334 2065 1540 2142 vallis
1589 2065 1804 2140 bodie
1853 2065 2262 2162 appellatur
2301 2066 2707 2163 vulgariter
2760 2067 2909 2140 Lu-

570 2188 859 2282 nisana3
911 2193 988 2262 et
1027 2192 1138 2262 est
1167 2175 1240 2278 (²)
1285 2185 1401 2260 bic
1435 2185 1702 2260 fluvius
1733 2185 2036 2260 confinis
2071 2186 2373 2282 Tusciae,
2409 2186 2503 2262 de
2534 2206 2687 2282 quo
2734 2184 2905 2260 alibi

569 2309 844 2388 dictum
897 2317 1030 2402 est,
1066 2314 1142 2384 et
1187 2307 1513 2402 dicetur3
1555 2306 1722 2382 ideo
1757 2307 1966 2383 dicit:
2002 2329 2047 2380 ο
2082 2311 2158 2382 di
2183 2315 2393 2400 parte
2426 2312 2682 2398 vicina,
2724 2307 2914 2384 sicut

569 2431 660 2509 de
693 2428 956 2504 Tuscia
992 2429 1110 2504 vel
1139 2427 1456 2526 Liguria.
1508 2428 1593 2502 Et
1644 2427 2056 2504 manifestat
2089 2448 2171 2505 se
2202 2449 2248 2504 a
2282 2429 2467 2522 loco,
2502 2450 2547 2504 a
2584 2427 2905 2523 nomine,

567 2573 610 2628 a
662 2551 960 2644 virtute,
1016 2555 1098 2624 ut
1157 2547 1412 2624 reddat
1467 2554 1762 2646 poetam
1823 2547 1953 2624 sibi
2007 2548 2245 2644 magis
2294 2549 2783 2644 benevolum3
2834 2555 2911 2624 et

569 2671 776 2750 dicit:
829 2673 950 2744 che
989 2659 1119 2766 yid
1163 2673 1444 2760 arande
1474 2659 1550 2743 Ιὰ
1588 2690 1744 2760 era,
1795 2669 2006 2764 quasi
2051 2669 2278 2746 dicat:
2314 2669 2447 2746 Fui
2484 2691 2797 2766 magnus
2826 2659 2902 2762 (⁸)

570 2791 910 2868 dominus
957 2789 1034 2862 in
1083 2788 1228 2864 vita
1281 2787 1356 2862 in
1405 2787 1528 2866 illa
1579 2788 1780 2864 Valle
1830 2789 2114 2864 Macrae.
2179 2791 2269 2866 Et
2316 2790 2487 2866 audi
2539 2790 2703 2883 quis
2756 2788 2906 2867 fui:

571 2914 914 2986 chiamaco
974 2911 1082 3004 fui
1150 2911 1476 2982 Gurrado
1547 2911 1972 3004 Malaspina.
2051 2909 2159 2985 Ad
2234 2909 2431 3006 quod
2506 2910 2908 3004 sciendum,

573 3031 768 3128 quod
819 3030 938 3106 hic
985 3028 1356 3106 Corradus
1404 3036 1567 3106 erat
1617 3029 2118 3106 maiordomus
2177 3031 2449 3110 virtute
2497 3051 2911 3126 armorum,

573 3153 816 3230 clarus
869 3157 1202 3246 tempore
1249 3170 1406 3224 suae
1459 3149 1734 3224 mortis.
1789 3149 2058 3226 Habuit
2116 3158 2368 3226 autem
2426 3171 2655 3226 avum
2716 3151 2913 3226 eius-

569 3273 736 3350 dem
793 3270 1126 3366 nominis,
1180 3271 1308 3369 qui
1375 3270 1526 3344 suis
1572 3269 1796 3368 gestis
1857 3269 2243 3368 magnifice
2268 3260 2343 3362 (⁸)
2406 3271 2755 3347 exaltavit
2802 3269 2915 3351 fa·-

571 3392 848 3471 miliam
875 3412 1121 3487 suam3
1149 3398 1226 3467 et
1253 3411 1518 3488 magna
1547 3389 1848 3487 praemia
1875 3391 2287 3489 promeruit
2318 3373 2517 3488 apud
2549 3390 2909 3469 Othonem
2982 3482 2987 3490 ,

573 3513 1148 3615 imperatorem3
1201 3519 1274 3589 et
1325 3512 1442 3589 hic
1511 3532 1738 3608 nepos
1801 3511 2082 3588 studuit
2145 3512 2415 3587 imitari
2472 3513 2909 3608 probitatem

574 3633 712 3713 avi.
775 3634 866 3709 Et
923 3634 1038 3709 bic
1101 3639 1298 3727 nota,
1343 3634 1539 3727 quod
1599 3632 1674 3707 in
1733 3632 2092 3709 Chronica
2139 3632 2617 3729 januensium
2680 3634 2911 3709 multa

575 3754 836 3850 scripta
883 3760 1058 3829 sunt
1105 3753 1198 3829 de
1241 3752 1702 3849 antiquitate,
1738 3752 2138 3847 nobilitate,
2180 3752 2501 3847 potentia
2534 3760 2611 3827 et
2644 3753 2917 3827 virtute

576 3876 779 3954 istius
813 3874 1232 3951 clarissimae
1266 3872 1557 3949 familiae
1593 3872 2104 3949 marchionum
2143 3874 2727 3969 Malaspinarum.
2754 3876 2911 3951 Au-

576 3996 716 4075 divi
769 3996 990 4073 etiam
1046 3993 1244 4091 quod
1293 3994 1556 4069 beatus
1585 3992 2062 4089 Augustiana,
2095 3994 2218 4069 cui
2252 3994 2415 4091 plus
2465 3994 2710 4088 credo,
2746 3994 2919 4069 fecit

579 4117 1024 4197 mentionem
1077 4115 1170 4189 de
1231 4112 1366 4190 ista
1414 4111 1660 4205 domo,
1712 4112 1838 4189 sed
1905 4114 2045 4189 boc
2105 4133 2515 4209 numquam
2576 4113 2769 4189 vidi:
2820 4112 2917 4189 de

581 4258 724 4339 qua
773 4236 1044 4313 familia
1095 4234 1306 4311 multi
1359 4233 1660 4309 fuerunt
1693 4232 1829 4309 viri
1865 4232 2205 4329 illustreS,
2254 4239 2331 4307 et
2368 4232 2579 4306 multi
2614 4232 2919 4311 fuerunt

580 4356 878 4439 corradi
915 4354 1050 4434 viri
1085 4355 1430 4435 valentes.
1464 4352 1636 4429 Ideo
1667 4352 1762 4429 ad
1798 4352 2190 4429 tollendam
2226 4350 2914 4447 aequivocationem,

581 4498 746 4581 qum
795 4476 1046 4555 multis
1095 4474 1370 4555 inducit
1426 4493 1788 4567 errorem,
1839 4472 2026 4551 sicut
2087 4478 2287 4569 patet
2342 4470 2419 4547 in
2480 4470 2919 4567 Caesaribus,

581 4596 1051 4697 Scipionibus
1111 4601 1188 4677 et
1253 4594 1453 4675 mille
1523 4592 1810 4669 familiis
1875 4591 2299 4687 illustrium,
2358 4589 2479 4667 ille
2544 4592 2917 4671 Corradus

705 4861 740 4922 0

707 4936 744 4975 χ’

707 4976 718 4997 S

795 4862 853 4919 E.
886 4861 1102 4917 floridus
1132 4862 1311 4915 alarin·
1343 4860 1458 4923 mn
1491 4865 1546 4911 et
1575 4859 1732 4913 simili
1765 4858 2090 4927 metaphora,

793 4938 856 4988 Β.
887 4943 968 4988 est
999 4938 1066 4988 ibi
1098 4938 1288 4989 fluvius
1317 4942 1373 4989 et
1403 4937 1516 4988 fluia
1548 4938 1765 4987 Tusciae.

824 5019 902 5073 1⁷.
935 5028 1154 5079 magnus
1184 5014 1326 5065 dives
1357 5014 1410 5065 iu
1441 5014 1564 5065 vita.

796 5093 904 5151 11⁶1,
933 5091 1206 5157 magnifice
1237 5092 1428 5143 dicitur
1459 5090 1706 5141 exaltasse
1737 5089 1986 5143 familiam
2021 5104 2184 5143 mam.

843 5198 924 5241 111.
2604 5200 2651 5241 1⁶

707 4866 764 5153 3:32„
