4392 6850
1389 972 1664 1027 currus
1713 971 2066 1038 QUARTUS.
2768 959 2905 1026 127

552 1137 708 1210 quo
759 1124 874 1193 est
923 1119 1034 1195 sol
1083 1118 1502 1212 altissimus,
1556 1117 1652 1193 ita
1706 1117 1905 1212 quod
1954 1117 2014 1192 si
2065 1118 2172 1192 sol
2224 1123 2415 1194 esset
2465 1118 2538 1191 in
2598 1117 2913 1214 geminis

553 1239 828 1314 melius
889 1239 1268 1316 videretur
1329 1239 1673 1314 zodiacus
1737 1260 1826 1314 ea
1903 1245 2138 1334 parte,
2197 1259 2345 1333 qua
2426 1236 2717 1333 respicit
2780 1258 2913 1334 po-

553 1358 712 1432 lum
767 1367 1130 1456 nostrum,
1183 1366 1257 1436 et
1306 1360 1406 1436 ita
1457 1362 1515 1435 si
1569 1367 1761 1435 esset
1812 1359 1885 1434 in
1938 1380 2208 1434 cancro
2259 1360 2494 1433 multo
2544 1359 2729 1453 plus.
2770 1359 2911 1434 Or-

554 1479 728 1556 dina
779 1482 882 1556 sic
932 1482 1262 1558 literam:
1327 1484 1508 1556 Ond’
1533 1484 1648 1554 elli
1696 1502 1746 1554 a
1795 1501 1928 1573 me,
1988 1481 2246 1576 supple
2299 1480 2639 1577 Virgilius
2688 1479 2908 1554 dixit:

559 1607 632 1674 tu
684 1603 984 1676 vedresti
1037 1604 1095 1676 il
1146 1603 1446 1676 zodiaco
1505 1603 1894 1693 rubecchio,
1947 1600 2152 1695 idest,
2209 1600 2729 1694 rubicundum,
2781 1600 2911 1696 qui

561 1721 785 1796 habet
833 1722 907 1795 in
959 1742 1040 1796 se
1089 1721 1473 1798 duodecim
1538 1722 1742 1818 signa
1809 1719 2281 1813 flammantia,
2334 1720 2531 1795 unde
2588 1720 2913 1817 appella-

563 1849 690 1916 tur
753 1843 1074 1940 signifer,
1142 1851 1414 1935 rotare,
1481 1843 1688 1936 idest,
1756 1840 2092 1935 circuire,
2163 1861 2389 1914 ancor
2448 1837 2571 1934 pi&
2644 1848 2911 1931 stretto,

567 1962 774 2058 idest,
829 1964 1058 2060 magis
1107 1985 1362 2060 prope,
1395 1967 1733 2056 all’Orse,
1780 1963 1962 2038 idest
2015 1963 2181 2058 polo
2230 1961 2529 2056 arcticO,
2574 1961 2695 2036 ubi
2740 1969 2913 2036 sunt

563 2081 736 2157 duae
789 2104 1006 2178 ursae,
1055 2084 1324 2160 scilicet
1393 2085 1630 2159 maior
1694 2091 1768 2159 et
1831 2083 2092 2176 minor,
2153 2081 2247 2158 de
2306 2081 2576 2177 quibus
2624 2080 2913 2156 dicetur

562 2203 736 2278 alibi
787 2224 981 2300 saepe
1029 2211 1104 2280 et
1154 2204 1526 2301 praecipue
1585 2204 1907 2279 Paradisi
1969 2203 2291 2298 capitulo
2342 2202 2523 2296 XIII,
2585 2205 2783 2277 salvo
2840 2222 2917 2274 se

561 2344 708 2396 non
756 2327 1033 2416 uso-isse,
1086 2324 1380 2420 scilicet,
1429 2324 1550 2400 ille
1597 2325 1897 2402 zodiacu
1905 2346 1962 2418 S,
1991 2329 2162 2419 fuor
2196 2327 2314 2398 del
2344 2326 2578 2396 camin
2616 2325 2913 2415 vecchio,

563 2441 770 2538 idest,
821 2443 1150 2540 antiquo,
1202 2444 1401 2539 quod
1450 2445 1622 2520 facit
1671 2444 1861 2520 inter
1918 2444 2104 2520 duos
2167 2445 2504 2541 tropicoS‚
2559 2443 2755 2536 quod
2804 2449 2915 2519 est

567 2562 1011 2659 impossibile
1058 2585 1193 2660 per
1243 2571 1612 2639 naturam.
1665 2567 1752 2638 Et
1805 2566 1942 2639 hoc
1991 2564 2200 2639 dicit:
2238 2586 2313 2638 se
2362 2569 2613 2638 Castor
2660 2587 2700 2638 e
2748 2567 2919 2638 Pol-

573 2688 742 2777 luce,
793 2684 1000 2780 idest,
1053 2685 1350 2781 gemini,
1397 2691 1672 2781 sossero
1719 2689 1794 2758 in
1851 2690 2275 2779 compagnia
2326 2689 2401 2760 di
2448 2687 2671 2777 quello
2718 2707 2917 2778 spec-

569 2808 746 2898 cln‘0,
815 2805 1020 2898 idest,
1081 2805 1408 2900 corporis
1473 2805 1835 2901 luminosi,
1900 2805 2170 2881 scilicet
2238 2805 2430 2900 soliS,
2484 2804 2558 2879 in
2626 2826 2777 2900 quo
2836 2827 2918 2882 se

571 2932 838 3001 caetera
890 2926 1172 3001 lumina
1223 2927 1732 3022 speculantur3
1786 2925 1982 3002 unde
2026 2925 2231 3000 dicit:
2274 2928 2392 3000 che
2432 2922 2553 3018 ρι’ΐι
2603 2948 2642 3000 e
2688 2949 2771 3000 su
2804 2929 2921 3001 del

567 3067 698 3120 suo
747 3051 929 3120 lume
975 3049 1304 3137 conduce,
1350 3047 1557 3140 idest,
1593 3047 1665 3120 in
1708 3045 2148 3141 hemisperio
2201 3045 2523 3120 inferiori
2572 3054 2646 3121 et
2695 3067 2916 3144 supe-—

574 3166 772 3260 riori,
824 3168 941 3243 vel
989 3166 1084 3240 ad
1136 3167 1552 3263 superiores
1603 3172 1676 3240 et
1727 3166 2107 3241 inferiores
2141 3165 2407 3240 stellas,
2454 3165 2595 3241 Sed
2648 3188 2741 3244 ne
2793 3188 2916 3243 re·

574 3295 870 3363 maneat
919 3286 1192 3381 aliquid
1241 3289 1643 3363 obscurum
1698 3286 1771 3360 in
1821 3285 1953 3360 ista
2007 3286 2216 3361 litera
2254 3292 2406 3360 tam
2442 3286 2633 3362 bene
2670 3286 2919 3364 decla-

575 3414 762 3502 rata,
813 3415 928 3484 est
977 3406 1286 3483 ulterius
1337 3407 1882 3503 inquirendum,
1938 3426 2172 3501 quare
2221 3405 2476 3481 Castor
2526 3413 2601 3482 et
2656 3407 2913 3483 Pollux

571 3535 952 3625 ponuntur
999 3530 1119 3604 hio
1169 3549 1306 3626 pro
1357 3528 1564 3625 signo
1613 3528 2107 3625 geminorum.
2146 3526 2253 3599 Ad
2304 3526 2499 3620 quod
2539 3534 2650 3603 est
2682 3528 2919 3604 scien-

570 3648 751 3722 dum
803 3649 1002 3744 quod
1052 3649 1335 3746 Jupiter
1385 3670 1520 3724 rex
1570 3647 1924 3723 cretensis
1972 3655 2308 3743 tempore
2357 3668 2508 3741 quo
2561 3649 2917 3747 regnavit,

573 3768 807 3866 viguit
856 3776 1057 3844 tanta
1111 3770 1716 3866 magnanimitate
1745 3760 1818 3863 (¹)
1875 3775 1950 3843 et
1998 3767 2361 3862 felicitate,
2412 3768 2610 3863 quod
2661 3791 2921 3847 omnes

574 3890 712 3964 viri
762 3889 1104 3986 illustres,
1156 3898 1230 3967 et
1282 3891 1632 3967 mulieres
1680 3910 2099 3987 graecorum
2155 3888 2539 3985 finguntur
2589 3912 2635 3965 a
2686 3892 2919 3986 poetis

431 4100 440 4109 ,
575 4010 836 4108 graecis
887 4012 1199 4087 traxisse
1248 4010 1609 4108 originem
1661 4012 1758 4085 ab
1823 4030 1936 4085 eo.
1998 4009 2402 4084 Finxerunt
2470 4031 2652 4106 ergo
2720 4012 2920 4106 quod

576 4154 668 4208 ex
720 4133 902 4208 Jove
950 4131 1317 4228 isspecie
1366 4131 1580 4229 eigai,
1634 4130 1816 4206 idest
1858 4131 2095 4206 forma
2145 4130 2675 4227 pulcritudiniS,
2716 4138 2792 4207 et
2824 4153 2915 4209 ex

575 4254 768 4329 Leda
825 4274 1062 4328 uxore
1110 4251 1426 4348 Tyndari
1480 4251 1629 4325 nati
1681 4257 1853 4325 sunt
1903 4252 2052 4325 duo
2103 4249 2228 4324 filii
2278 4250 2571 4347 gemelli
2622 4272 2717 4327 ex
2768 4273 2921 4328 uno

574 4394 742 4468 ovo,
793 4372 1002 4467 idest,
1057 4394 1148 4448 ex
1207 4392 1356 4445 uno
1406 4371 1742 4467 germine
1792 4376 1866 4446 et
1931 4371 2237 4465 semine,
2290 4377 2366 4445 et
2422 4372 2590 4445 duae
2648 4371 2815 4446 filiae
2845 4364 2921 4465 (¹)

576 4494 910 4591 gemellae
961 4512 1055 4567 ex
1107 4492 1251 4567 alio
1299 4512 1469 4586 ovo,
1521 4492 1703 4567 idest
1729 4482 1832 4585 (³),
1883 4491 2240 4589 germine.
2276 4491 2583 4567 Gemelli
2622 4492 2923 4568 fuerunt

576 4612 834 4689 Castor
884 4619 957 4689 et
1007 4613 1269 4687 Pollux
1322 4612 1470 4687 duo
1520 4612 1806 4707 fratres,
1849 4611 1977 4705 qui
2027 4610 2247 4685 simul
2300 4611 2450 4687 nati
2501 4612 2925 4689 habuerunt

577 4753 834 4830 parem
885 4733 1229 4826 sormam,
1257 4732 1607 4807 virtutem
1659 4737 1733 4807 et
1769 4731 2024 4805 satum.
2061 4731 2409 4807 Gemellae
2442 4731 2746 4811 fuerunt
2776 4732 2925 4810 He-

578 4854 744 4929 lena
795 4861 873 4929 et
922 4844 1454 4952 clytemnestra
1489 4852 1751 4927 eodem
1788 4859 2005 4948 partu
2043 4856 2257 4945 natae,
2296 4871 2466 4946 quae
2498 4852 2923 4929 habuerunt

705 5104 762 5170 (¹)
794 5107 858 5159 B.
889 5108 1258 5173 magnitudine.
1441 5106 1498 5169 (²)
1533 5111 1643 5169 11⁷,
1677 5106 1918 5159 smine.
2100 5104 2152 5168 (⁸)
2187 5106 2251 5157 E.
2282 5106 2413 5157 idest
2444 5118 2511 5157 ex
2543 5104 2646 5157 alio
2672 5108 2924 5171 germine.
