4392 6850
1431 955 1573 1024 114
2151 963 2559 1018 com-rum
2609 961 3051 1017 PunGA‘romi

1428 1111 1778 1208 temporis
1829 1109 2291 1204 transiverat,
2334 1106 2532 1202 quod
2566 1107 2719 1202 ipse
2770 1126 2917 1182 non
2954 1103 3465 1201 perpenderat.
3508 1103 3775 1178 Volens

1427 1238 1680 1307 autem
1733 1233 1873 1306 hoc
1924 1229 2313 1306 ostendere
2362 1227 2736 1324 praemittit
2785 1226 3349 1302 abstractionem
3412 1245 3583 1319 quae
3638 1225 3776 1298 ali-

1429 1351 1724 1446 quando
1772 1350 2034 1426 accidit
2066 1350 2333 1425 animae
2368 1356 2660 1443 nostrae,
2696 1346 2968 1422 scilicet
3002 1345 3199 1441 quod
3252 1346 3350 1420 ita
3403 1343 3777 1420 interdum

1428 1477 1838 1566 occupatur
1888 1477 2038 1545 tota
2079 1471 2279 1545 circa
2314 1490 2540 1543 unam
2576 1466 3012 1564 passionem,
3050 1466 3249 1559 quod
3286 1486 3431 1539 non
3465 1456 3773 1557 vacat(⁴)

1429 1591 1647 1666 alicui
1683 1591 1895 1666 alteri
1949 1591 2054 1666 rei
2104 1591 2198 1666 de
2250 1589 2568 1684 mundo;
2604 1589 2793 1663 sicut
2825 1587 3179 1686 contingit
3212 1586 3285 1659 in
3322 1585 3489 1661 forti
3531 1585 3781 1661 laetitia

1431 1713 1549 1787 vel
1599 1711 1926 1808 tristitia3
1977 1713 2166 1787 sicut
2195 1703 2270 1804 (²)
2334 1712 2433 1786 ita
2493 1710 2941 1785 abstrahitur
3008 1709 3203 1784 circa
3270 1716 3597 1803 cantum,
3658 1709 3777 1782 vel

1433 1831 1834 1927 planctum,
1887 1833 2084 1927 quod
2134 1832 2310 1906 nihil
2360 1831 2561 1906 aliud
2609 1829 2882 1906 sentire
2927 1828 3240 1903 videtur.
3278 1829 3487 1903 Nunc
3520 1825 3779 1903 ordina

1431 1951 1747 2047 literam,
1807 1972 1978 2047 quae
2041 1975 2186 2026 non
2248 1958 2358 2028 est
2426 1951 2669 2025 minus
2736 1949 3070 2025 intricata
3128 1970 3356 2044 quam
3420 1949 3777 2024 sententia

1432 2070 1875 2169 abscondita,
1927 2079 2002 2148 et
2051 2079 2397 2148 construe
2464 2072 2613 2147 sic:
2674 2072 3007 2162 lanima,
3075 2068 3345 2144 scilicet
3408 2069 3780 2144 rationalis

1433 2190 1896 2287 intellectiva,
1942 2215 2094 2286 par
2157 2195 2261 2266 αι’
2286 2212 2335 2265 a
2385 2195 2580 2266 nulla
2627 2193 2960 2284 potenzia
3011 2184 3135 2282 pii)
3200 2191 3511 2280 incenda,
3572 2187 3781 2282 idest,

1433 2311 1727 2388 videtur
1774 2333 2043 2388 vacare
2093 2313 2273 2386 nulli
2300 2302 2387 2406 (³),
2432 2311 2773 2408 potentiae
2822 2310 3271 2407 particulari,
3322 2310 3449 2386 sed
3496 2319 3780 2384 tantum

1435 2430 1570 2504 soli
1595 2432 1938 2528 potentiae
1975 2432 2475 2508 intellectivae:
2512 2435 2796 2526 quando
2821 2431 2949 2505 ben
2980 2433 3045 2504 si
3073 2434 3426 2524 raccoqlie
3458 2433 3561 2506 ad
3594 2453 3779 2522 essa,

1435 2550 1645 2646 idest,
1697 2551 1991 2647 quando
2042 2553 2195 2650 ipsa
2228 2553 2477 2628 anima
2510 2552 2795 2628 sortiter
2844 2571 2927 2626 se
2967 2550 3338 2648 restringit
3380 2550 3475 2626 ad
3516 2571 3620 2645 se,
3652 2571 3785 2644 per

1437 2673 1806 2746 dileuanze
1853 2693 2069 2747 ovver
2114 2695 2249 2768 per
2298 2675 2553 2766 doque,
2606 2673 2792 2749 idest
2830 2679 3130 2767 propter
3168 2669 3437 2768 gaudia
3488 2692 3780 2769 magna,

1441 2792 1558 2865 vel
1620 2791 1932 2889 dolores,
2002 2797 2121 2868 che
2186 2798 2447 2868 alcuna
2496 2788 2693 2867 vertit
2757 2800 3007 2866 nostra
3064 2795 3524 2884 comprenda,
3578 2793 3783 2887 idest,

1441 2933 1626 3006 quas
1677 2913 2192 2991 delectationes
2242 2922 2319 2990 et
2349 2902 2425 3008 (⁴)
2473 2912 2787 3008 doloreS,
2838 2912 3084 3007 aliqua
3137 2919 3385 2988 nostra
3438 2912 3785 3008 potentia,

1441 3033 1630 3108 sicut
1678 3035 2002 3112 auditiva
2053 3037 2169 3112 vel
2225 3035 2475 3130 visiva,
2512 3035 2611 3108 ita
2662 3033 2903 3129 capiat
2951 3039 3027 3108 et
3078 3032 3375 3128 recipiat
3429 3033 3615 3108 fixe:
3655 3033 3790 3107 ali-

1443 3155 1570 3250 qui
1606 3162 1850 3232 tamen
1888 3164 2134 3234 textus
2176 3158 2447 3232 habent
2496 3159 2540 3229 ἱ·
2554 3159 2797 3229 anima
2828 3155 3088 3246 buono,
3132 3155 3259 3230 sed
3304 3154 3539 3250 prima
3574 3153 3787 3228 litera

1443 3283 1553 3352 est
1606 3279 1884 3354 melior.
1925 3279 2009 3352 Et
2041 3279 2389 3354 continuo
2440 3273 2828 3352 confirmat
2864 3285 2939 3352 et
2971 3276 3208 3372 glosat
3246 3277 3525 3350 dictum
3563 3295 3784 3349 suum

1439 3418 1572 3495 per
1623 3397 1993 3494 effectum,
2045 3399 2339 3475 dicens:
2392 3420 2430 3473 e
2473 3389 2677 3492 perd,
2714 3399 2999 3491 quando
3030 3399 3089 3470 ε’
3114 3398 3247 3471 ode
3286 3417 3457 3471 cosa
3496 3417 3543 3471 o
3596 3396 3793 3487 vede,

1440 3519 1732 3615 scilicet,
1785 3520 2058 3615 aliquid
2119 3520 2547 3596 delectabile
2604 3519 2721 3594 vel
2793 3518 3143 3593 tristabile
3201 3538 3333 3614 per
3392 3517 3789 3613 potentiam

1443 3641 1890 3735 sensitivam,
1941 3644 2062 3715 che
2109 3648 2318 3733 teqna
2361 3646 2549 3737 forte
2596 3662 2649 3712 a
2687 3634 2767 3714 se*
2814 3642 2858 3712 l·
2886 3641 3128 3719 anima
3172 3642 3385 3731 volta,
3421 3639 3628 3731 idest,
3662 3658 3798 3734 po-

1443 3760 1748 3835 tentiam
1815 3761 2333 3836 intellectivam
2403 3760 2757 3835 intentam
2826 3766 2902 3835 et
2973 3760 3274 3857 ligatam
3342 3760 3539 3834 circa
3614 3756 3791 3833 illud

1451 3901 1708 3975 unum,
1761 3902 2048 3954 vassene
2079 3883 2132 3955 ’l
2177 3888 2402 3974 tempo
2450 3903 2489 3955 e
2537 3883 2582 3953 t’
2608 3902 2773 3954 uom
2820 3900 2963 3955 non
3013 3902 3089 3953 se
3148 3882 3219 3953 η’
3245 3883 3531 3972 avvede,
3584 3880 3791 3973 idest,

1448 4020 1594 4075 non
1645 4000 2061 4097 perpendit3
2098 4008 2174 4076 et
2216 4000 2541 4075 declarat
2588 4002 2728 4077 hoc
2770 4001 3067 4076 dicens:
3118 4002 3220 4074 ch'
3246 4004 3437 4075 altra
3460 4002 3795 4094 potamia

1444 4116 1488 4194 e*
1531 4124 1759 4213 quella
1807 4124 1927 4195 che
1975 4120 2325 4214 ἴαεοοῐεα,
2378 4120 2583 4216 idest,
2619 4122 2959 4197 sensitiva
3002 4141 3136 4217 per
3180 4120 3543 4214 auditum,
3577 4127 3646 4194 ec
3683 4122 3795 4193 al-

1445 4248 1565 4315 tra
1620 4244 1850 4335 quella
1898 4243 2019 4315 elce
2065 4244 2162 4315 Ιια
2219 4243 2517 4315 lanima
2564 4245 2641 4315 in
2688 4250 2914 4334 terra,
2966 4242 3261 4335 scilicet,
3311 4240 3794 4334 intellectiva3

1449 4369 1690 4457 questa
1739 4360 1780 4437 e*
1825 4364 2031 4456 quasi
2093 4366 2341 4455 liyata,
2390 4363 2667 4440 scilicet
2739 4362 3200 4457 intellectiva,
3254 4383 3423 4457 quae
3486 4368 3597 4437 est
3648 4366 3799 4436 tota

1447 4482 1686 4559 dedita
1723 4484 1852 4557 uni
1889 4504 1982 4559 ex
2009 4482 2466 4579 passionibus
2493 4484 2668 4578 suis,
2701 4506 2740 4557 e
2772 4486 3001 4581 quella
3031 4486 3302 4575 sciolta,
3337 4481 3519 4558 idest
3554 4489 3630 4557 et
3662 4502 3798 4578 po-

1451 4603 1676 4681 tentia
1723 4604 2068 4681 sensitiva
2118 4612 2233 4680 est
2281 4605 2513 4680 libera
2562 4604 2659 4677 ab
2708 4604 3101 4681 intellectu.
3130 4644 3230 4657 —
3254 4608 3321 4677 E
3358 4610 3613 4695 questo.
3668 4600 3799 4675 Hic

1453 4731 1670 4819 poeta
1721 4723 2124 4800 incidenter
2173 4724 2477 4801 damnat
2532 4746 2766 4799 unum
2818 4744 3178 4799 errorem.
3230 4722 3338 4797 Ad
3406 4722 3620 4797 cuius
3670 4741 3798 4797 co·

1455 4844 1858 4941 gnitionem
1909 4851 2020 4920 est
2070 4846 2500 4938 notandum,
2550 4845 2752 4939 quod
2807 4845 2944 4918 suit
2991 4844 3235 4939 opinio
3300 4842 3799 4940 quorumdam

1585 5030 1644 5093 (ἢ
1673 5030 1736 5082 Ε.
1769 5037 1916 5082 vacat
1947 5032 2115 5083 alteri.
2928 5032 2983 5092 ρ)
3016 5032 3079 5083 Β.
3110 5036 3173 5083 ut
3202 5032 3291 5083 iu.

1586 5107 1641 5172 (³)
1673 5108 1736 5158 Ε.
1767 5106 1900 5159 nulli
1932 5110 2176 5173 potentio
2208 5110 2555 5172 intellectiva,
2586 5110 2808 5175 quondo.
2934 5110 2987 5173 (⁴)
3018 5110 3081 5160 Β.
3112 5114 3169 5160 et
3196 5122 3329 5175 quos
3356 5108 3583 5161 dolorm.
