4392 6850
1238 962 1514 1017 currus
1564 961 1880 1015 DECIMUS
1931 959 2219 1014 snx'rus.
2752 941 2889 1009 431

559 1108 854 1202 coelum,
906 1129 999 1183 eo
1051 1107 1267 1182 modo
1319 1126 1468 1201 quo
1519 1104 1636 1180 hic
1687 1103 2076 1200 singularis
2109 1109 2347 1198 poeta.
2402 1104 2489 1175 Et
2539 1100 2715 1196 petit
2748 1098 2899 1173 duo

558 1227 840 1302 dicens:
891 1247 1037 1300 non
1087 1230 1185 1300 mi
1221 1229 1412 1300 celar
1460 1228 1570 1298 clei
1601 1229 1770 1318 sosii
1819 1227 1990 1296 anzi
2023 1227 2096 1297 la
2130 1230 2379 1314 morte,
2416 1221 2624 1317 quasi
2666 1220 2897 1295 dieat:

559 1348 704 1423 dixi
753 1347 880 1422 tibi
934 1347 1132 1444 quod
1181 1368 1348 1420 sum
1401 1347 1642 1421 adhuc
1695 1345 1904 1419 vivus
1963 1345 2150 1418 inter
2214 1351 2583 1436 mortuos3
2638 1341 2765 1416 sed
2816 1347 2897 1412 tu

560 1468 672 1543 dic
725 1468 922 1562 mihi,
958 1489 1165 1565 rogo,
1207 1467 1371 1561 quis
1420 1465 1646 1540 fueris
1695 1465 1886 1540 inter
1937 1464 2171 1558 viVOS,
2212 1485 2331 1536 ma
2370 1466 2591 1554 dilmi,
2624 1462 2749 1536 sed
2784 1458 2899 1534 dic

565 1589 734 1663 mihi
785 1590 1008 1684 clare,
1057 1611 1096 1662 e
1143 1589 1384 1663 dimmi
1448 1590 1503 1661 s'
1525 1590 1597 1660 io
1647 1609 1735 1659 vo
1783 1588 1950 1659 bene
2013 1589 2090 1658 al
2149 1605 2392 1675 vareo,
2444 1585 2648 1676 idest,
2710 1589 2785 1658 et
2836 1583 2897 1658 si

567 1716 762 1783 recte
814 1709 1002 1784 vado
1062 1709 1156 1784 ad
1225 1709 1420 1782 viam
1474 1727 1743 1801 meam,
1795 1713 1872 1780 et
1934 1717 2046 1782 est
2113 1705 2431 1780 secunda
2486 1704 2769 1799 petitio:
2824 1711 2901 1779 et

563 1829 766 1904 dicit:
819 1851 858 1902 e
906 1837 1014 1902 tue
1051 1831 1308 1922 parole
1348 1831 1500 1922 fian
1552 1830 1614 1901 le
1659 1833 1898 1900 nostre
1933 1833 2190 1916 scorta,
2224 1824 2397 1918 quia
2450 1845 2582 1898 nos
2630 1825 2901 1898 ambu-

563 1948 876 2022 labimus
925 1949 1332 2024 secundum
1383 1967 1802 2022 sermonem
1847 1953 2090 2038 tuum,
2123 1943 2296 2039 quia
2342 1964 2489 2018 non
2540 1944 2901 2018 habemus

565 2067 790 2143 alium
841 2068 1107 2143 ducem
1162 2067 1234 2141 in
1269 2067 1405 2142 isto
1439 2068 1667 2141 fumo,
1695 2105 1794 2120 —
1822 2065 2240 2139 Lombardo.
2279 2066 2488 2138 Nunc
2520 2069 2735 2158 poeta
2770 2083 2907 2158 po-

567 2187 668 2262 nit
702 2187 1246 2284 responsionem
1299 2188 1490 2262 illius
1542 2187 1834 2282 spiritus
1867 2188 1960 2260 ad
2003 2193 2401 2279 utramque
2436 2184 2904 2279 petitionem3

567 2315 640 2383 et
686 2308 924 2404 primo
974 2309 1068 2382 ad
1117 2307 1456 2404 primam,
1513 2307 1842 2382 videlicet
1891 2307 2056 2401 quis
2107 2306 2349 2379 fuerit.
2405 2306 2491 2378 Et
2544 2305 2635 2378 ad
2688 2304 2907 2378 huius

569 2428 824 2524 primae
871 2430 1164 2524 plenam
1219 2428 1702 2523 responsionis
1753 2426 2303 2523 intelligentiam
2356 2433 2467 2500 est
2517 2425 2907 2520 praescien-

567 2549 770 2642 dum,
836 2547 1034 2642 quod
1101 2548 1236 2622 iste
1298 2549 1585 2622 Marcus
1649 2546 2128 2641 LombarduS,
2189 2547 2313 2640 qui
2388 2548 2738 2640 loquutus
2798 2551 2909 2620 est

571 2688 764 2742 nunc
813 2687 987 2742 cum
1042 2675 1254 2763 poeta
1309 2675 1394 2760 et
1455 2667 1799 2762 loquetur
1861 2687 2098 2761 usque
2158 2667 2231 2740 in
2294 2666 2513 2741 finem
2583 2664 2901 2760 capituli,

574 2786 708 2861 fuit
757 2786 1055 2881 quidam
1094 2787 1302 2862 miles
1333 2787 1628 2861 curialis
1679 2787 1770 2860 de
1821 2786 2040 2862 nobili
2083 2786 2373 2860 civitate
2408 2785 2908 2879 Venetiarum,

573 2905 697 2999 qui
729 2898 805 2998 (¹)
842 2926 990 2980 non
1040 2926 1252 2980 more
1287 2906 1741 2981 nebulonum
1777 2905 2309 2982 modernorum
2344 2906 2651 2979 vacabat
2689 2906 2909 2981 rebus

577 3024 930 3118 obscenis,
966 3025 1094 3101 sed
1128 3027 1468 3101 honestis.
1505 3027 1672 3101 Fuit
1705 3027 1899 3102 enim
1940 3027 2054 3101 vir
2087 3026 2344 3101 nobilis
2383 3025 2631 3118 animi,
2690 3027 2911 3100 clarae

576 3147 884 3240 virtutiS,
918 3147 1046 3220 sed
1080 3147 1304 3223 facilis
1357 3149 1487 3223 irae
1537 3154 1612 3223 et
1664 3147 2102 3243 indignantis
2133 3154 2441 3221 naturae.
2479 3145 2739 3220 Audivi
2773 3166 2912 3219 au-

575 3274 722 3340 tem
776 3267 1097 3343 nobilem
1153 3267 1722 3364 indignationem
1764 3269 1857 3343 de
1890 3268 2188 3342 homine
2226 3267 2387 3362 iste,
2430 3267 2667 3361 qualis
2700 3287 2916 3363 repe—

577 3387 766 3462 ritur
815 3389 892 3463 in
943 3389 1306 3465 nobilibus
1346 3389 1672 3487 ingeniis.
1709 3390 1895 3465 Nam
1931 3409 2100 3465 cum
2141 3389 2369 3465 semel
2412 3395 2603 3464 esset
2636 3396 2916 3484 captuS,

577 3516 650 3583 et
713 3510 1047 3606 imposita
1111 3511 1242 3585 sibi
1303 3512 1662 3586 immensa
1725 3511 1918 3585 tallia
1985 3512 2180 3585 ultra
2248 3531 2479 3605 posse,
2540 3511 2733 3584 misit
2790 3532 2923 3606 per

581 3630 922 3706 nuntium
964 3652 1192 3706 suum
1246 3630 1338 3706 ad
1387 3630 1770 3706 dominum
1815 3630 2211 3705 Rizardum
2253 3631 2348 3706 de
2382 3631 2709 3725 Camino,
2746 3638 2923 3707 tunc

581 3748 960 3825 dominum
1015 3750 1340 3845 Tarvisii,
1381 3770 1648 3847 rogans
1687 3751 2128 3847 suppliciter,
2173 3752 2370 3845 quod
2422 3773 2569 3826 non
2621 3751 2923 3847 permit-

583 3876 774 3945 teret
825 3890 1004 3945 eum
1058 3870 1248 3945 mori
1283 3871 1355 3943 in
1390 3871 1726 3967 angustia
1761 3872 2134 3945 carcerali.
2179 3871 2320 3958 Qui
2360 3871 2705 3946 misertus
2739 3870 2924 3946 indi-

579 4010 746 4086 gnae
795 3991 974 4065 sorti
1022 3990 1266 4083 amici,
1311 3992 1552 4065 statim
1605 3990 1888 4086 scripsit
1939 3990 2184 4064 multis
2236 3990 2547 4065 dominis
2596 3990 2921 4065 lombar-

579 4110 688 4185 dis
705 4102 803 4204 (²),
839 4111 915 4185 in
947 4132 1274 4207 quorum
1307 4112 1530 4186 curiis
1563 4112 1850 4185 Marcus
1870 4103 1944 4203 (³)
1990 4120 2151 4187 erat
2187 4110 2443 4185 solitus
2478 4111 2921 4206 conversari,

585 4231 784 4325 quod
830 4232 1184 4306 deberent
1217 4231 1556 4307 conferre
1589 4231 2070 4327 redemptioni
2109 4232 2269 4307 eius
2306 4231 2723 4306 liberaliter.
2760 4232 2925 4319 Quo

585 4351 832 4426 audito
866 4352 1152 4427 Marcus
1187 4351 1752 4447 magnanimiter
1787 4352 2223 4447 indignatuS,
2264 4353 2542 4426 remisit
2576 4352 2925 4427 continuo

587 4472 928 4546 nuntium
985 4473 1081 4547 ad
1145 4473 1526 4547 dominum
1579 4472 1997 4565 Rizardum‚
2062 4474 2330 4568 dicenS,
2375 4474 2571 4568 quod
2630 4475 2922 4550 volebat

587 4592 825 4687 potius
877 4592 1068 4667 mori
1115 4592 1190 4666 in
1242 4593 1677 4687 captivitate,
1717 4614 1943 4687 quam
1981 4612 2142 4668 esse
2193 4614 2453 4669 servus
2505 4601 2611 4669 tot
2654 4600 2730 4669 et
2762 4602 2926 4669 tan-

591 4720 860 4786 torum.
929 4714 1136 4789 Tunc
1203 4712 1541 4787 dominus
1601 4713 1952 4789 Rizardus
2019 4713 2303 4808 pudore
2366 4715 2735 4809 confusu3‚
2800 4715 2932 4790 da-

592 4852 854 4907 mnans
879 4832 1226 4909 vilitatem
1257 4854 1496 4928 suam,
1518 4834 1730 4908 solvit
1753 4835 1844 4908 de
1872 4834 2162 4929 propria
2191 4835 2503 4929 pecunia
2532 4856 2929 4931 summam,

714 5081 772 5142 (⁸)
801 5080 864 5131 B.
894 5082 1016 5147 quia
1045 5097 1165 5135 non.
1357 5084 1412 5149 (’)
1443 5084 1494 5137 S.
1528 5084 1870 5137 Lombardlae.
2057 5086 2114 5149 (⁸)
2146 5087 2207 5137 E.
2241 5087 2456 5139 Marcus
2486 5088 2596 5151 ipse
2627 5092 2755 5137 erat.
