4392 6850
1411 983 1688 1040 CANTUS
1735 984 2080 1040 cer-tvvs.
2780 977 2920 1044 237

577 1129 744 1204 licet
789 1134 964 1202 sunt
1005 1127 1353 1204 subiectae
1385 1128 1492 1204 eis
1527 1134 1910 1225 tamquam
1943 1129 2227 1205 ancillae
2270 1131 2763 1208 ministrantes
2798 1133 2925 1208 eis.

575 1248 758 1322 Dicit
823 1268 1052 1344 ergo:
1123 1251 1428 1323 ond’elli
1491 1270 1540 1322 a
1601 1271 1758 1324 me:
1817 1251 2095 1347 supple,
2166 1250 2509 1348 Virgilius
2574 1253 2797 1327 dixit:
2864 1255 2929 1327 le

577 1377 854 1465 quauro
919 1373 1158 1444 vitiare
1221 1372 1432 1462 stelle,
1499 1370 1704 1465 idest,
1774 1371 2084 1448 virtutes
2153 1373 2519 1468 praedictae
2582 1375 2929 1468 morales,

579 1491 843 1586 quibus
902 1498 1288 1584 tamquam
1351 1491 1606 1586 primis
1667 1491 1916 1566 anima
1983 1491 2176 1568 bona
2246 1492 2673 1589 adornatur,
2738 1495 2929 1570 sicut

577 1631 846 1706 corpus
881 1611 1350 1704 componitur
1401 1633 1494 1686 ex
1539 1618 1863 1707 quatuor
1911 1612 2317 1708 elementis,
2350 1616 2471 1687 che
2514 1617 2749 1690 oedem·
2775 1623 2925 1688 sta-

577 1753 808 1824 mmas,
857 1731 929 1804 in
981 1743 1152 1808 ortu
1202 1752 1524 1827 aurorae,
1557 1754 1692 1808 son
1740 1736 1816 1807 di
1863 1723 1936 1808 Ιὰ
1987 1733 2214 1826 basse,
2248 1733 2539 1829 scilicet,
2580 1736 2719 1810 sub
2770 1735 2923 1810 istis

576 1851 834 1946 tribus,
883 1873 922 1924 e
985 1860 1237 1948 queste,
1289 1851 1584 1946 scilicet,
1639 1859 1810 1947 tres,
1863 1873 1994 1926 son
2059 1855 2259 1927 salise
2307 1856 2417 1926 ου’
2450 1875 2630 1928 eran
2678 1858 2921 1946 quelle,

578 1971 868 2066 scilicet,
905 1973 998 2048 ad
1035 1979 1368 2046 nostrum
1405 1973 1660 2068 polum
1691 1973 2201 2048 antarcticum.
2239 1973 2444 2048 Unde
2482 1972 2707 2049 debes
2740 1995 2921 2049 con-

576 2092 900 2168 siderare
950 2093 1150 2188 quod
1201 2093 1544 2190 Virgilius
1595 2093 1719 2188 qui
1759 2113 1958 2169 nunc
1995 2092 2323 2187 loquitur
2358 2099 2469 2168 est
2504 2093 2577 2167 in
2612 2093 2755 2169 alio
2789 2094 2923 2170 he·-

575 2213 922 2309 misperio
972 2213 1302 2309 opposito
1354 2220 1646 2308 nostro;
1687 2213 1852 2288 ideo
1893 2214 2104 2309 polus
2137 2213 2605 2306 antarcticuS‚
2644 2214 2768 2309 qui
2812 2221 2923 2290 est

577 2332 786 2408 nobis
833 2335 1192 2429 occultus,
1245 2340 1408 2410 erat
1457 2354 1818 2430 apparens
1867 2334 1996 2428 eis,
2047 2339 2124 2408 et
2171 2339 2336 2408 erat
2384 2334 2597 2428 polus
2654 2353 2919 2408 eorum

575 2455 848 2549 lucem,
901 2455 1075 2549 quia
1127 2461 1584 2530 recesserant
1641 2475 1686 2529 a
1751 2455 2056 2530 tenebra
2107 2454 2457 2529 vitiorum
2510 2454 2737 2530 nostri
2789 2455 2923 2530 he-

573 2574 916 2670 misperii.
946 2615 1046 2629 —
1076 2579 1299 2648 Come.
1351 2575 1482 2649 Hic
1533 2583 1748 2670 poeta
1787 2575 2128 2650 describit
2167 2575 2567 2650 adventum
2616 2595 2921 2670 serpen-

573 2693 684 2790 tis,
721 2715 949 2790 quem
991 2715 1214 2789 supra
1265 2695 1554 2770 dixerat
1585 2695 1958 2770 Sordellus
1993 2715 2154 2770 esse
2190 2703 2587 2771 venturum
2626 2695 2717 2770 ad
2756 2701 2921 2770 ten-

573 2817 924 2892 tationem
977 2815 1420 2891 animarum.
1475 2815 1564 2890 Et
1621 2815 1859 2911 primo
1917 2816 2090 2890 dicit
2147 2817 2521 2911 quomodo
2573 2816 2915 2912 Virgilius

571 2935 971 3012 ostenderit
1021 2937 1260 3032 ipsum
1313 2935 1468 3030 sibi,
1523 2936 1718 3012 unde
1767 2936 1975 3012 dicit:
2027 2940 2205 3010 com'
2228 2939 2299 3010 io
2333 2939 2672 3030 parlava,
2708 2936 2916 3029 idest,

569 3058 750 3134 dum
801 3058 904 3131 sic
955 3057 1314 3151 loquebar
1361 3077 1538 3132 cum
1591 3055 1908 3153 Virgili0,
1943 3079 1982 3130 e
2029 3059 2351 3132 Sordello
2395 3078 2443 3130 a
2474 3079 2551 3130 se
2580 3060 2635 3130 il
2664 3064 2917 3146 crasse,

567 3179 864 3274 scilicet,
902 3179 1140 3274 ipsum
1177 3177 1582 3274 Virgilium,
1617 3181 1946 3252 dicando:
1981 3181 2139 3252 vedi
2175 3169 2249 3252 ἰὰ
2288 3181 2344 3252 il
2378 3185 2623 3252 nostro
2657 3199 2915 3252 avver-

566 3323 769 3393 mc,
832 3301 1132 3394 scilicet,
1197 3305 1616 3396 serpentem
1683 3299 2146 3395 tentationis3
2212 3321 2251 3374 e
2314 3293 2571 3374 εἰν-ἰωὰ
2626 3303 2681 3374 il
2742 3302 2915 3390 dito,

565 3421 956 3499 ostendens
1005 3421 1140 3495 sibi
1191 3420 1438 3496 locum
1475 3419 1670 3497 unde
1705 3419 2066 3516 veniebat,
2101 3417 2360 3514 perche*
2388 3411 2460 3494 ld
2492 3424 2907 3513 quartia-sse.

568 3546 654 3619 Et
703 3545 808 3621 sic
857 3551 1032 3619 nota
1083 3542 1281 3637 quod
1331 3562 1505 3618 cum
1557 3542 1878 3617 strictius
1937 3540 2391 3637 disponimur
2442 3541 2534 3617 ad
2584 3549 2919 3617 contem-

567 3663 918 3761 plandum
959 3663 1268 3738 virtutes
1307 3662 1586 3737 divinas
1621 3682 1792 3757 quae
1832 3682 1964 3736 nos
1993 3662 2275 3736 ducunt
2304 3662 2397 3737 ad
2432 3663 2695 3757 Deum,
2737 3670 2918 3739 tunc

567 3784 900 3860 diabolus
933 3783 1328 3858 studiosius
1365 3782 1624 3857 nititur
1659 3802 1792 3857 nos
1827 3802 2182 3859 revocare
2222 3782 2493 3858 insidiis
2528 3782 2711 3857 suis:
2748 3782 2913 3859 ideo

561 3906 758 3982 bene
807 3910 1024 4001 poeta
1075 3903 1278 4001 fingit
1330 3904 1528 3998 quod
1567 3910 1740 3977 sunt
1775 3904 2072 3979 retracti
2105 3924 2152 3979 a
2193 3904 2809 4000 contemplatione
2836 3898 2913 3997 (¹)

564 4028 860 4103 illarum
913 4028 1114 4103 stella
1125 4047 1316 4119 rum,
1369 4032 1444 4101 et
1491 4046 1536 4100 a
1588 4025 1958 4101 locutione
1992 4046 2218 4118 quam
2256 4025 2618 4100 faciebant
2650 4025 2743 4100 de
2784 4024 2910 4102 eis⁴

565 4149 655 4223 Et
699 4146 1054 4223 continuo
1101 4146 1442 4221 describit
1491 4165 1661 4241 quae
1711 4152 1872 4221 erat
1922 4144 2057 4220 ista
2107 4165 2433 4241 serpens,
2468 4151 2543 4219 et
2582 4144 2803 4239 unde,
2835 4152 2915 4219 et
3009 4134 3017 4141 ’

570 4268 884 4366 qualiter
931 4267 1292 4343 veniebat.
1345 4266 1530 4341 Dicit
1579 4286 1808 4363 ergo:
1859 4286 2006 4339 una
2037 4266 2253 4339 biscia
2280 4270 2477 4359 forse
2514 4268 2687 4359 qual
2716 4268 2916 4339 diade

567 4392 666 4464 ad
709 4394 870 4463 Eva
915 4390 972 4462 il
1013 4388 1166 4461 cibo
1213 4406 1498 4477 amas-0,
1549 4386 1724 4480 quia
1777 4385 2004 4459 suasit
2054 4391 2141 4460 ut
2187 4392 2525 4481 gustaret
2563 4385 2656 4459 de
2694 4403 2915 4479 pomo

568 4510 814 4603 vetito,
866 4508 1063 4602 quod
1113 4508 1354 4583 visum
1417 4511 1530 4581 ωε
1591 4504 1808 4581 dulce
1872 4510 1946 4581 et
2007 4526 2261 4601 suave,
2312 4504 2440 4580 sed
2504 4504 2579 4579 in
2644 4504 2915 4579 effectu

561 4630 700 4706 fuit
734 4649 1080 4705 amarum
1128 4634 1207 4703 et
1257 4627 1764 4721 mortiferum3
1799 4634 1872 4701 et
1905 4626 2076 4701 dicit
2107 4632 2449 4703 notanter
2486 4627 2697 4722 forte,
2742 4626 2917 4720 quia

567 4750 770 4826 nulla
823 4749 1124 4825 tentatio
1173 4753 1412 4845 potest
1459 4766 1622 4823 esse
1671 4746 1924 4821 similis
1971 4746 2096 4843 illi,
2133 4768 2359 4842 quam
2412 4766 2713 4843 serpens
2747 4746 2917 4821 fecit

565 4870 826 4967 primis
875 4862 1320 4964 parentibus,
1383 4867 1653 4963 quibus
1715 4866 2099 4963 persuasit,
2159 4867 2359 4961 quod
2428 4873 2673 4942 essent
2726 4867 2915 4941 sicut

697 5121 752 5186 (¹)
784 5121 846 5172 Β.
878 5121 944 5172 ab
974 5127 1184 5186 προσίῃ
1211 5122 1444 5175 tumui.
