4392 6850
1391 1007 1668 1064 camus
1718 1009 2057 1064 ceruus,
2755 1001 2897 1069 243

511 1145 916 1246 'omnes(¹)
972 1153 1270 1247 famant,
1324 1173 1472 1227 non
1522 1158 1632 1228 est
1680 1153 1981 1228 omnino
2032 1153 2334 1248 perdita,
2389 1160 2472 1228 ut
2530 1157 2689 1229 vult
2736 1156 2899 1251 phi-

555 1276 919 1371 losophus.
947 1315 1049 1330 —
1074 1280 1164 1348 Ec
1189 1277 1280 1349 ἑο.
1319 1273 1448 1348 Hic
1498 1279 1714 1369 poeta
1747 1273 1822 1347 in
1863 1273 2215 1371 singulari
2262 1275 2541 1349 extollit
2588 1276 2895 1352 domum

559 1396 1068 1471 marchionum
1133 1417 1180 1470 a
1239 1394 1506 1490 duplici
1568 1393 1867 1488 virtute,
1933 1413 2101 1488 quae
2169 1393 2495 1470 maxime
2558 1379 2900 1473 convenit

557 1514 730 1591 viris
777 1515 1203 1610 illustribus,
1239 1513 1529 1609 scilicet,
1567 1513 1960 1588 liberalitas
1995 1520 2069 1587 et
2101 1513 2445 1610 probitaS,
2481 1499 2667 1592 adeo
2700 1518 2898 1611 quod

557 1635 775 1710 etiam
827 1636 1113 1730 aliquos
1163 1634 1457 1710 vitiosos
1509 1633 1742 1708 reddit
1772 1623 1844 1726 (¹)
1900 1633 2275 1729 gloriosos
2318 1633 2407 1708 Et
2456 1635 2746 1712 adiurat
2796 1621 2899 1715 sic

561 1775 740 1850 esse,
801 1777 936 1851 per
998 1756 1069 1830 id
1133 1755 1329 1852 quod
1357 1855 1362 1858 Ι
1393 1754 1720 1828 maxime
1784 1753 1918 1827 fuit
1984 1753 2365 1828 adiuratus
2439 1776 2484 1830 a
2546 1755 2898 1854 Corrado,

561 1876 758 1952 unde
802 1876 1017 1950 dicit:
1070 1881 1160 1949 Ec
1185 1878 1257 1948 io
1291 1877 1362 1948 vi
1393 1876 1629 1966 pium,
1668 1877 1726 1946 ε’
1751 1877 1824 1946 io
1863 1875 1940 1947 di
1967 1893 2189 1966 sopra
2230 1875 2447 1966 vada,
2481 1874 2771 1972 scilicet,
2805 1877 2899 1953 ad

558 1973 935 2070 summum
999 1984 1265 2068 montis
1327 2014 1551 2089 opera
1603 1991 1902 2089 Virgilii,
1955 1999 2030 2067 et
2088 1991 2323 2089 gratia
2387 1994 2540 2090 Dei,
2603 1999 2722 2070 che
2771 2019 2900 2071 vo·

554 2125 707 2190 stra
753 2123 978 2209 yeme,
1031 2115 1234 2209 idest,
1284 2113 1594 2211 genesiS,
1647 2113 1803 2188 sive
1849 2133 2085 2211 genus
2136 2114 2725 2212 Malaspinorum,
2766 2138 2903 2190 on-

555 2243 720 2310 rala
755 2258 902 2311 non
930 2240 996 2310 si
1031 2237 1324 2330 sffeqia,
1363 2233 1567 2328 idest,
1609 2235 1967 2309 honorata
2006 2256 2152 2310 non
2186 2235 2590 2310 deornatur
2624 2243 2698 2312 et
2730 2235 2911 2334 spo·'

557 2355 793 2452 liatur,
846 2359 964 2430 del
1002 2359 1252 2449 preyio
1302 2357 1488 2428 della
1538 2355 1782 2445 borsa,
1835 2354 2042 2449 idest,
2093 2354 2565 2451 liberalitatis,
2618 2379 2656 2429 e
2716 2360 2900 2432 della

551 2481 808 2570 spada,
859 2476 1063 2570 idest,
1113 2475 1512 2570 probitatis.
1566 2475 1654 2550 Et
1704 2474 1821 2550 hic
1875 2480 2068 2570 nota,
2121 2476 2374 2570 lector,
2417 2477 2613 2571 quod
2664 2478 2900 2554 virtus

555 2597 774 2672 habet
833 2597 973 2672 hoc
1039 2597 1420 2692 proprium
1483 2601 1566 2669 ut
1623 2595 1698 2670 in
1761 2617 2097 2672 amorem
2159 2596 2274 2670 sui
2341 2597 2573 2671 bonos
2640 2599 2897 2697 erigat,

557 2719 787 2792 malos
835 2717 912 2792 in
963 2726 1390 2813 stuporem3
1449 2722 1526 2792 et
1584 2737 1755 2792 cum
1808 2718 2048 2792 omnis
2115 2717 2351 2792 virtus
2416 2719 2687 2793 habeat
2735 2721 2897 2815 hoc,

560 2839 880 2913 maxime
945 2839 1315 2932 fortitudo,
1381 2858 1551 2932 quae
1614 2857 1907 2934 semper
1967 2839 2106 2913 suit
2166 2837 2493 2914 maxime
2524 2829 2597 2932 (⁸)
2666 2841 2901 2916 hono-

561 2965 766 3033 rata:
819 2959 976 3033 baec
1040 2959 1314 3034 meruit
1377 2958 1807 3054 triumphos,
1867 2960 2027 3034 haec
2087 2965 2389 3055 statuaS,
2440 2961 2600 3035 haec
2649 2962 2896 3037 omnia

558 3077 1274 3176 genera'honorum,
1311 3099 1480 3172 quae
1519 3077 1753 3152 Roma
1789 3079 2024 3153 voluit
2055 3079 2393 3155 conferre
2442 3079 2778 3176 Scipioni,
2816 3087 2899 3156 ut

556 3199 804 3274 scribit
851 3195 1119 3293 LiviuS,
1173 3205 1246 3272 et
1296 3199 1602 3272 contulit
1661 3199 1927 3274 Caesari
1983 3205 2060 3274 et
2109 3201 2464 3296 Augusto,
2518 3208 2602 3275 ut
2651 3201 2899 3276 scribit

425 3395 430 3405 ,
557 3321 834 3394 Florus,
889 3319 975 3392 Et
1024 3318 1412 3393 confirmat
1458 3318 1732 3393 dictum
1777 3333 2022 3414 suum,
2058 3319 2343 3395 dicens:
2379 3343 2509 3395 uso
2541 3343 2578 3394 e
2608 3328 2899 3414 namra,

557 3462 726 3536 quae
776 3440 924 3514 duo
975 3446 1148 3513 sunt
1194 3438 1690 3535 potentissima
1743 3440 1816 3513 in
1867 3441 2070 3515 omni
2121 3461 2229 3535 re,
2284 3434 2343 3514 si
2384 3444 2456 3515 la
2498 3444 2897 3540 privieeqia,

559 3560 755 3635 illam
816 3560 1122 3634 domum
1191 3565 1535 3655 vestram,
1588 3562 1707 3633 che
1753 3564 1910 3635 sola
1973 3582 2066 3634 va
2127 3564 2371 3655 dritta,
2423 3562 2716 3657 scilicet,
2766 3584 2899 3659 per

563 3678 754 3753 viam
806 3678 1116 3773 virtutis,
1167 3699 1206 3751 e
1249 3680 1306 3752 it
1351 3682 1498 3752 mal
1542 3682 1842 3752 commin
1895 3682 2281 3773 dispreyia,
2342 3681 2631 3777 scilicet,
2686 3682 2899 3758 vitio-

562 3821 778 3896 rum3
829 3804 904 3874 et
951 3798 1143 3894 dicit,
1185 3796 1446 3893 perche?
1472 3801 1525 3872 ’l
1567 3821 1746 3892 capo
1796 3802 1938 3892 rio,
1980 3800 2271 3896 scilicet,
2309 3822 2495 3897 papa
2545 3809 2619 3877 et
2668 3790 2901 3901 impe‘ss

565 3926 783 4015 rator,
834 3926 1033 3993 coroa
1084 3921 1152 3992 lo
1202 3920 1488 4011 mondO,
1540 3918 1831 4013 scilicet,
1877 3920 2284 3996 deserendo
2324 3921 2701 4017 justitiam.
2756 3922 2899 3999 Sed

563 4040 726 4116 licet
773 4040 910 4115 ista
962 4039 1312 4135 expositio
1363 4039 1701 4115 videatur
1749 4040 1844 4115 de
1897 4048 2144 4116 mente
2193 4041 2494 4138 autoris,
2532 4044 2658 4137 qui
2699 4044 2899 4139 ponit

560 4160 770 4258 istam
815 4160 1358 4235 conclusionem
1395 4180 1590 4256 saepe
1629 4166 1704 4236 et
1737 4159 2110 4255 potissime
2142 4160 2331 4236 infra
2366 4163 2681 4258 capitulo
2715 4164 2897 4259 XVI,

563 4284 792 4375 potest
842 4286 1094 4355 tamen
1152 4279 1416 4375 exponi
1479 4280 1878 4375 honestius,
1935 4285 2016 4354 ut
2073 4301 2209 4375 per
2267 4289 2487 4378 caput
2537 4284 2791 4358 mundi
2818 4273 2893 4378 (⁴)

562 4398 914 4498 intelligas
963 4399 1361 4496 diabolum,
1412 4398 1538 4495 qui
1587 4400 1854 4475 dicitur
1919 4400 2253 4497 princeps
2316 4402 2593 4498 mundi,
2646 4408 2719 4479 et
2770 4404 2899 4499 qui

563 4522 778 4616 paulo
845 4527 1019 4597 ante
1081 4521 1156 4595 in
1215 4520 1455 4617 specie
1518 4520 1873 4617 serpentis
1937 4512 2306 4598 invaserat
2376 4514 2657 4599 animas
2724 4524 2899 4599 isto-

567 4662 728 4715 rum
782 4640 1172 4716 nobilium:
1225 4648 1300 4717 et
1349 4662 1498 4717 non
1555 4646 1665 4717 est
1729 4640 2042 4737 nequius
2102 4648 2324 4738 caput
2382 4664 2603 4739 super
2664 4643 2901 4739 capite

563 4762 932 4857 serpentis.
973 4802 1074 4817 —
1110 4768 1201 4837 Et
1245 4764 1377 4836 elli.
1439 4762 1569 4837 Hic
1626 4762 1887 4837 ultimo
1947 4768 2164 4859 poeta
2224 4762 2426 4859 ponit
2488 4764 2903 4859 responsio-

687 4975 742 5039 (¹)
776 4979 884 5037 11⁷,
917 4990 1098 5027 omnes
1127 4977 1362 5029 homine·
1391 4978 1604 5031 tam-nt.

687 5048 744 5116 (⁸)
775 5057 885 5113 11⁷,
919 5054 1102 5106 reddat
1131 5054 1410 5119 gloriosos:
1442 5061 1496 5107 ot
1520 5056 1756 5121 Junt-
1769 5056 1831 5108 E.
1863 5057 2085 5109 reddidit
2115 5056 2388 5122 gloriosos.

686 5128 742 5192 (ἦ
770 5129 834 5181 Β.
865 5132 1126 5197 precipuo
1155 5133 1426 5186 honorata.
1799 5133 1854 5198 (·)
1885 5135 1948 5185 Β.
1977 5136 2160 5187 mundi
2189 5147 2415 5200 exponn
2444 5132 2725 5185 diabolum.
