4392 6850
1514 917 1659 984 464
2239 928 2648 985 commun
2695 929 3136 985 Puneuonu

1508 1072 1725 1166 mala,
1778 1071 1953 1165 quia
2002 1070 2249 1166 aliqua
2303 1072 2412 1148 ira
2461 1079 2698 1169 potest
2747 1094 2910 1149 esse
2955 1074 3148 1149 bona
3199 1080 3275 1149 et
3323 1073 3480 1150 sine
3530 1080 3844 1169 peccato,

1508 1192 1804 1285 quando
1858 1191 1939 1265 fit
1986 1212 2161 1266 cum
2213 1192 2718 1269 moderamine
2767 1200 2996 1289 certo,
3048 1194 3388 1288 quamvis
3441 1194 3721 1268 Tullius
3778 1194 3846 1269 in

1504 1331 1647 1387 suo
1695 1312 2135 1405 Tusculano,
2186 1318 2262 1387 et
2311 1312 2588 1389 Seneca
2639 1313 2712 1387 in
2763 1313 2950 1389 libro
2981 1313 3075 1389 de
3108 1313 3222 1389 ira
3261 1314 3484 1409 longo
3516 1313 3844 1389 discursu

1508 1438 1871 1507 conentur
1920 1432 2312 1507 ostendere
2359 1452 2660 1508 omnem
2695 1432 2884 1509 iram
2918 1432 3078 1508 fore
3115 1434 3384 1508 malam
3423 1440 3498 1509 et
3529 1432 3842 1511 detesta-

1506 1551 1775 1627 bilem:
1830 1558 2076 1627 tamen
2128 1551 2374 1627 nescio
2438 1553 2689 1628 videre
2751 1552 3124 1647 quomodo
3187 1554 3544 1629 sententia
3609 1553 3842 1629 Philo-

1506 1672 1711 1767 sophi
1762 1672 1986 1767 possit
2034 1671 2393 1765 damnari,
2431 1673 2558 1767 qui
2599 1673 2758 1747 vult
2806 1673 3004 1766 quod
3039 1672 3164 1748 fiat
3197 1693 3370 1747 cum
3410 1673 3671 1749 debitis
3705 1675 3842 1748 cir-

1506 1792 1985 1887 cumstantiis‚
2028 1793 2301 1868 scilicet
2351 1792 2503 1887 ubi,
2555 1792 2872 1888 quande,
2925 1793 3320 1887 quomod0,
3371 1801 3446 1869 et
3497 1794 3807 1887 qualiter
3820 1819 3840 1888 3

1507 1933 1677 1987 nam
1710 1920 2004 2009 propter
2030 1912 2396 2007 tristitiam
2411 1913 2659 1989 vultus
2685 1914 3084 2010 corrigitur
3107 1914 3401 1989 animus
3416 1914 3840 2007 delinquen-

1505 2034 1619 2127 tis,
1670 2040 1807 2109 etc.
1835 2072 1935 2087 --·
1966 2022 2118 2106 aid.
2172 2032 2302 2109 Hic
2355 2032 2612 2108 ultimo
2673 2039 2889 2129 poeta
2945 2034 3286 2111 describit
3345 2042 3638 2131 tempus
3696 2057 3839 2130 quo

1503 2154 1989 2229 ascenderunt
2038 2156 2312 2229 scalam
2365 2155 2604 2248 istam,
2659 2156 2830 2249 quia
2881 2156 3154 2231 scilicet
3201 2162 3363 2231 erat
3412 2176 3604 2250 nox:
3649 2156 3838 2231 unde

1502 2274 1712 2349 dicit:
1773 2266 1905 2347 Gid
1954 2295 2129 2349 eran
2180 2295 2402 2367 sopra
2453 2278 2598 2365 noi,
2649 2276 2943 2369 scilicet,
2995 2296 3129 2370 per
3179 2297 3560 2351 summum
3619 2276 3828 2370 aeris»,

1500 2397 1603 2485 qli
1650 2396 1869 2469 ultimi
1916 2398 2151 2487 raqyi,
2207 2394 2500 2488 scilicet,
2551 2395 2746 2490 soliS,
2795 2397 2938 2487 che,
2991 2395 3196 2491 idest,
3233 2416 3420 2490 quos
3471 2396 3734 2489 radim,
3769 2400 3836 2469 la

1502 2522 1687 2589 nocte
1722 2535 1929 2606 seque
1945 2541 1976 2609 ,·
2026 2519 2100 2589 et
2150 2514 2266 2589 hic
2317 2514 2566 2589 finitur
2619 2517 2942 2591 secunda
2971 2515 3126 2591 dies
3171 2536 3520 2592 ascensus
3567 2538 3837 2612 purga-

1504 2635 1691 2729 torii,
1742 2638 1861 2709 che
1910 2638 1973 2709 le
2019 2638 2206 2709 stelle
2253 2640 2653 2728 appar-ivan
2703 2639 2802 2709 da
2843 2633 2966 2728 ρι’ΐι
3017 2639 3164 2728 lali,
3199 2636 3614 2733 disparente
3665 2638 3834 2732 sole,

1504 2757 1629 2851 qui
1684 2757 1967 2831 minora
2020 2756 2299 2830 lumina
2364 2778 2512 2831 non
2577 2758 2930 2852 permittit
2989 2778 3352 2853 apparere
3411 2758 3506 2833 de
3563 2757 3702 2833 die.
3753 2759 3836 2832 Et

1498 2877 1745 2952 subdit
1776 2878 2147 2971 quomodo
2182 2878 2400 2971 coepit
2436 2876 2745 2975 fatigari,
2771 2878 2948 2952 dum
2979 2880 3310 2955 tenderet
3335 2886 3590 2954 contra
3625 2899 3832 2954 mon-

1500 3004 1677 3091 tem,
1726 2997 1821 3073 de
1880 3018 2030 3091 quo
2090 2997 2594 3091 conqueritur,
2656 2998 2902 3073 dicens
2963 2999 3476 3081 exclamative:
3541 3004 3672 3093 fra
3735 3022 3834 3073 me

1497 3125 1711 3193 stesso
1746 3120 1943 3191 dicen
1962 3142 1986 3189 .·
2034 3138 2081 3189 ο
2130 3112 2325 3191 verti:
2357 3120 2527 3209 mia,
2556 3114 2814 3211 perche
2840 3111 2900 3191 εὶ
2941 3122 2992 3193 ti
3021 3122 3336 3211 dileyue?
3373 3119 3555 3195 idest
3587 3120 3834 3195 deficis

1496 3237 1821 3331 omnino,
1870 3236 1971 3311 ita
2024 3237 2222 3330 quod
2275 3259 2419 3311 non
2480 3258 2778 3332 possum
2845 3238 3150 3313 ulterius
3208 3240 3454 3315 facere
3513 3260 3833 3335 passum,

1496 3359 1647 3435 imo
1700 3378 1835 3434 nec
1888 3377 2193 3447 movere
2244 3358 2554 3453 pedem?
2605 3365 2679 3434 et
2727 3358 2947 3434 huius
2999 3378 3152 3434 non·
3171 3412 3176 3419 -
3197 3368 3358 3436 erat
3419 3360 3562 3436 alia
3609 3381 3831 3436 causa

1496 3479 1631 3554 nisi
1670 3500 1820 3554 nox
1854 3479 2402 3574 supervenienS,
2437 3499 2606 3573 quae
2641 3479 3082 3575 impediebat
3115 3481 3427 3555 ulterius
3460 3480 3606 3576 ire3
3643 3480 3835 3556 unde

1494 3601 1709 3676 dicit:
1768 3603 1890 3672 che
1938 3602 2034 3672 mi
2078 3604 2346 3674 sentiva
2395 3604 2466 3674 Ia
2510 3622 2730 3693 possa
2777 3603 2951 3674 delle
2997 3602 3273 3692 yambe,
3315 3601 3520 3695 idest,
3571 3607 3830 3696 poten-

1494 3723 1671 3797 tiam
1722 3719 2171 3813 ambulandi,
2218 3727 2422 3812 posta
2478 3724 2554 3794 in
2613 3728 2872 3813 ireque,
2925 3721 3129 3817 idest,
3191 3722 3268 3796 in
3331 3721 3600 3816 quiete,
3659 3721 3831 3815 quia

1494 3842 1765 3916 frustra
1816 3839 2225 3916 conabatur
2276 3861 2581 3916 movere
2614 3862 2859 3915 crura.
2897 3841 3028 3914 Alii
3067 3848 3312 3916 tamen
3354 3841 3604 3915 dicunt
3635 3841 3830 3934 quod

1492 3961 1814 4038 tendenti
1864 3961 1959 4034 ad
2008 3960 2524 4056 purgationem
2574 3961 2866 4036 accidiae
2917 3961 3125 4036 labor
3181 3960 3568 4037 videbatur
3617 3960 3830 4034 nimis

1490 4082 1777 4180 gravis:
1830 4081 1959 4158 sed
2006 4080 2208 4176 prior
2257 4081 2610 4176 expositio
2659 4089 2772 4157 est
2821 4081 3087 4157 verior.

1640 4205 1779 4276 Noi
1824 4222 2139 4275 eranam.
2209 4202 2352 4274 Ista
2420 4208 2530 4276 est
2590 4202 2806 4277 tertia
2870 4222 3040 4296 pars
3100 4200 3540 4298 pulcerrima
3610 4201 3830 4276 huius

1490 4323 1809 4420 capituli,
1858 4322 1935 4396 in
1986 4343 2133 4415 qua
2184 4328 2402 4417 poeta
2453 4321 2813 4396 subtiliter
2863 4328 3180 4398 venatur
3235 4328 3486 4396 ortum
3535 4320 3827 4396 aecidiae

1490 4451 1565 4518 et
1610 4449 2051 4518 caeterorum
2087 4441 2436 4516 vitiorum
2490 4449 2642 4517 tam
2687 4449 3200 4539 purgatorum,
3237 4461 3460 4536 quam
3505 4461 3820 4537 purgan-

1487 4563 1777 4638 dorum.
1831 4562 1919 4635 Et
1965 4561 2206 4656 primo
2255 4561 2596 4638 describit
2621 4563 2893 4653 ,locum
2945 4561 3071 4638 ubi
3131 4559 3430 4656 quievit,
3481 4567 3557 4636 et
3605 4580 3828 4655 appa-

1490 4682 1679 4760 ravit
1728 4703 1809 4758 se
1848 4684 1941 4758 ad
1974 4682 2584 4780 investigandum,
2621 4682 2868 4758 dicens
2900 4682 3436 4756 continuative:
3479 4684 3618 4756 Noi
3663 4702 3827 4754 era-

1488 4823 1679 4898 vam,
1726 4803 1935 4897 quasi
1983 4802 2211 4879 dicat:
2255 4803 2411 4898 jam
2463 4822 3042 4898 perveneramus
3091 4803 3188 4877 ad
3235 4803 3508 4896 locum,
3543 4805 3722 4876 dove
3753 4805 3826 4875 la

1486 4929 1685 4999 scala
1734 4945 1877 4997 non
1924 4927 2150 4997 saliva
2191 4919 2318 5016 pii)
2365 4945 2472 5016 su,
2525 4924 2816 5017 scilicet,
2869 4924 2942 4996 in
2994 4944 3340 5019 supremo
3389 4923 3652 5020 gradu,
3689 4941 3822 4996 nec

1488 5046 1619 5141 ipsi
1670 5050 2008 5140 poterant
2056 5044 2368 5141 amplius
2417 5044 2816 5120 ascendere
2849 5066 2983 5140 pro
3020 5051 3194 5119 tunc
3227 5051 3525 5140 propter
3557 5045 3825 5118 obscu-
