4392 6850
1495 972 1775 1030 caurus
1822 975 2112 1030 ramus.
2896 967 2984 1033 17

635 1124 844 1197 Nunc
868 1128 1108 1218 poeta,
1135 1127 1424 1196 ostensa
1469 1121 1894 1196 amoenitate
1931 1121 2124 1198 aeris
2159 1127 2236 1196 et
2268 1121 2760 1216 pulcritudine
2792 1126 2985 1218 coeli,

633 1242 975 1318 describit
1027 1241 1526 1316 venerabilem
1577 1261 1830 1316 senem
1885 1241 2265 1316 custodem
2318 1242 2477 1317 loci.
2542 1243 2673 1318 Hic
2730 1252 2985 1320 autem

631 1371 798 1450 erat
847 1362 1026 1437 Cato
1069 1361 1444 1436 Uticensis,
1481 1362 1570 1434 Et
1613 1361 1786 1455 quia
1821 1361 1938 1437 hic
1973 1361 2267 1438 videtur
2302 1383 2516 1437 error
2552 1363 2729 1438 satis
2767 1383 2990 1438 enor—

639 1482 800 1576 mis,
854 1502 1036 1578 rogo
1085 1487 1182 1575 te,
1231 1481 1489 1575 lector,
1545 1488 1626 1555 ut
1683 1481 1879 1556 vires
1937 1481 2164 1556 animi
2224 1504 2489 1578 parum
2552 1483 2849 1580 colligas
2896 1485 2991 1558 ad

637 1601 1244 1678 considerandum
1291 1599 1466 1694 quid
1500 1608 1716 1695 poeta
1747 1607 1996 1676 noster
2029 1601 2359 1676 intendat
2392 1596 2465 1694 (¹)
2505 1603 2644 1676 sub
2678 1602 2811 1678 ista
2847 1603 2988 1677 mi-

639 1722 844 1796 rabili
897 1741 1090 1796 nova
1141 1720 1455 1816 fictione,
1511 1741 1680 1815 quae
1729 1721 2020 1797 videtur
2051 1741 2316 1817 sapere
2352 1723 2728 1818 haeresim3
2770 1723 2987 1797 nimis

639 1843 834 1920 enim
886 1842 1178 1918 videtur
1225 1842 1636 1916 absurdum
1687 1842 1884 1936 quod
1925 1848 2149 1937 ponat
2196 1843 2549 1918 Catonem
2603 1843 2981 1919 custodem

641 1962 1070 2059 purgatorii,
1123 1981 1346 2055 quem
1398 1961 1769 2036 debuisset
1818 1981 2094 2056 ponere
2133 1962 2208 2036 in
2254 1962 2767 2056 infern02tum
2810 1963 2983 2057 quia

643 2085 779 2160 fuit
828 2105 1155 2180 paganus
1190 2081 1516 2177 infidelis,
1553 2089 1715 2155 tum
1751 2082 1924 2176 quia
1960 2082 2319 2156 interfecit
2353 2102 2433 2156 se
2472 2083 2753 2178 ipsum3
2792 2083 2987 2158 unde

642 2204 958 2278 debebat
991 2203 1250 2278 melius
1285 2202 1538 2298 reponi
1574 2203 1765 2277 inter
1799 2202 2154 2277 violentos
2193 2209 2450 2278 contra
2498 2222 2578 2277 se
2628 2203 2839 2299 ipsos.
2879 2203 2983 2278 Ad

640 2327 780 2399 hoc
827 2325 1080 2399 dicunt
1127 2322 1355 2418 aliqui
1405 2323 1604 2418 quod
1655 2330 1870 2419 poeta
1921 2330 2221 2419 propter
2279 2323 2689 2399 mirabilem
2750 2324 2987 2399 virtu-

637 2453 790 2521 tem
841 2444 1132 2519 Catonis
1183 2444 1630 2540 imaginatur
1683 2443 1879 2537 quod
1919 2444 2116 2518 Deus
2159 2443 2621 2539 inspiraverit
2670 2443 2805 2518 sibi
2856 2463 2985 2519 ve-

642 2586 802 2640 ram
857 2563 1348 2660 cognitionem
1403 2563 1610 2658 fidei3
1663 2563 1788 2638 sed
1839 2563 2030 2637 istud
2083 2563 2257 2637 nihil
2294 2565 2512 2658 valet,
2548 2567 2713 2656 quia
2764 2565 2881 2638 ubi
2930 2571 2993 2637 te

637 2689 996 2777 inormem,
1044 2685 1140 2758 ibi
1189 2692 1252 2758 te
1280 2685 1642 2775 judicabo.
1714 2684 1914 2758 Licet
1971 2684 2165 2759 enim
2236 2684 2573 2780 possibile
2634 2685 2727 2759 sit
2790 2684 2987 2778 quod

641 2806 1088 2902 suspendens
1139 2825 1220 2880 se
1271 2806 1536 2900 laqueo
1597 2807 1862 2880 habeat
1919 2805 2432 2880 contritionem
2497 2812 2571 2879 et
2636 2806 2983 2898 salvetur,

643 2935 890 3004 tamen
942 2947 1088 3000 non
1131 2946 1522 3021 possumus
1557 2946 1694 3000 nec
1726 2924 2085 3000 debemus
2107 2923 2446 3020 judicare
2480 2923 2613 2997 nisi
2649 2923 2740 2998 de
2776 2923 2988 2997 dam-

643 3048 936 3124 natione
985 3046 1167 3122 eiuS.
1220 3044 1390 3120 Ideo
1441 3045 1498 3119 si
1549 3052 1764 3142 poeta
1803 3046 2118 3121 habebat
2153 3053 2567 3140 respectum
2604 3044 2696 3120 ad
2742 3045 2989 3118 excel-

641 3167 938 3244 lentiam
991 3164 1280 3241 virtutis
1327 3165 1643 3259 Catonis,
1693 3165 2102 3242 sufficiebat
2159 3185 2437 3261 ponere
2494 3165 2733 3260 ipsum
2799 3163 2989 3238 inter

643 3290 840 3365 viros
879 3288 1199 3362 illustres
1249 3307 1420 3361 cum
1475 3287 1798 3379 Socrate,
1833 3285 2133 3379 Seneca,
2171 3292 2246 3361 et
2278 3285 2435 3360 aliis
2468 3284 2753 3381 magnis
2787 3283 2983 3377 viris,

643 3431 830 3505 quos
878 3407 1080 3505 ponit
1127 3406 1286 3481 sine
1334 3428 1551 3503 poena
1602 3405 1676 3479 in
1727 3405 1888 3481 loco
1928 3405 2295 3481 luminoso
2348 3411 2421 3481 et
2472 3405 2807 3480 herboso.
2851 3404 2988 3479 Alii

645 3532 917 3625 dicunt,
953 3536 1028 3604 et
1063 3528 1559 3603 communiter
1598 3547 1880 3620 omneS,
1922 3528 2118 3623 quod
2154 3528 2333 3602 Cato
2368 3526 2485 3601 hic
2520 3526 2815 3621 ponitur
2855 3545 2992 3621 pro

645 3630 1062 3743 honestate}
1123 3668 1260 3723 nec
1309 3648 1499 3721 istud
1569 3648 1785 3741 valet,
1837 3648 2012 3742 quia
2078 3646 2531 3743 Augustinus
2594 3645 2835 3741 primo
2896 3645 2989 3719 de

645 3772 950 3849 Civitate
980 3769 1111 3844 Dei
1160 3770 1358 3844 circa
1389 3767 1846 3864 principium,
1887 3768 2008 3869 ubi
2045 3767 2346 3864 egregie
2378 3766 2697 3861 disputat
2731 3772 2989 3840 contra

644 3896 866 3969 istum
919 3893 1268 3966 Catonem
1321 3889 1496 3984 quia
1543 3910 1624 3963 se
1661 3889 1940 3984 occidit,
1977 3888 2178 3963 dicit:
2218 3910 2357 3962 non
2394 3891 2717 3963 honestas
2753 3888 2987 3978 turpia

635 4034 1078 4109 proecavcns,
1101 4013 1226 4085 sed
1254 4012 1626 4101 infirmitas
1659 4012 1968 4083 adversa
1999 4030 2143 4081 non
2177 4009 2585 4083 substinens,
2615 4008 2985 4081 Praeterea

645 4138 987 4210 honestas
1035 4132 1398 4228 figuratur
1447 4128 1688 4223 potius
1725 4130 1800 4202 in
1836 4128 2093 4203 Martia
2127 4148 2367 4202 uxore
2400 4126 2715 4221 Catonis,
2756 4131 2838 4199 ut
2878 4125 2988 4199 di-

645 4262 857 4331 cetur
907 4252 1128 4349 paulo
1163 4248 1370 4324 infra.
1409 4248 1551 4323 Sed
1586 4248 1872 4323 omissis
1903 4248 2340 4345 ambagibus
2375 4269 2508 4342 pro
2544 4268 2723 4323 vera
2773 4245 2988 4320 intel-

647 4374 942 4473 ligentia
976 4370 1198 4446 huius
1231 4390 1488 4465 passus
1519 4368 1744 4443 debes
1769 4359 1844 4461 (²)
1881 4388 2325 4462 memorare,
2364 4366 2555 4461 quod
2593 4372 2807 4461 poeta
2851 4385 2987 4439 no-

646 4504 796 4572 ster
827 4503 916 4569 ut
951 4492 1351 4590 plurimum
1387 4488 1718 4583 loquitur
1745 4489 1840 4564 de
1877 4488 2303 4585 purgatorio
2340 4488 2621 4561 morali.
2650 4484 2859 4574 Quod
2908 4491 2991 4558 ut

645 4618 846 4693 clare
889 4619 1135 4711 pateat
1165 4617 1276 4687 est
1309 4609 1713 4686 notandum
1745 4598 1860 4702 (³):
1925 4610 2012 4683 Μ.
2050 4608 2307 4684 Cicero
2341 4608 2417 4681 in
2452 4606 2769 4703 epistolis
2804 4626 2991 4701 quas

645 4735 894 4813 scribit
953 4736 1034 4823 Q.
1101 4732 1430 4809 Ciceroni
1492 4730 1700 4805 fratri
1761 4750 1923 4823 suo,
1987 4728 2138 4822 qui,
2189 4728 2397 4824 parvi
2460 4726 2811 4821 corporiS,
2864 4724 2993 4799 sed

645 4856 895 4952 magni
945 4854 1167 4929 animi
1204 4852 1358 4947 ruit,
1391 4853 1680 4948 legatus
1714 4848 1880 4924 Iulii
1916 4847 2221 4923 Caesaris
2264 4848 2336 4921 in
2381 4846 2632 4940 Gallia,
2670 4852 2753 4919 ut
2792 4851 2992 4941 patet

771 5046 826 5107 (¹)
858 5045 920 5095 B.
955 5042 1225 5107 intelligat.
1631 5037 1686 5100 ζ’)
1719 5038 1781 5089 Ε.
1815 5038 1971 5088 debes
2001 5042 2186 5087 notare
2217 5040 2271 5087 et
2304 5046 2615 5086 memorare.

772 5122 827 5185 (⁸)
859 5121 912 5172 S.
944 5134 976 5171 e
1005 5120 1070 5171 E.
1099 5124 1180 5171 est
1209 5118 1512 5179 notandum,
1543 5116 1686 5181 quod
1717 5116 1792 5167 M.
1825 5114 2023 5165 Cicero.

918 5228 1000 5271 111.
2698 5216 2726 5257 2
