4392 6850
1528 946 1670 1012 426
2244 956 2653 1011 coMENTUM
2706 955 3145 1010 Punessonu

1521 1110 1596 1178 et
1645 1103 2129 1198 periculosam
2181 1109 2471 1197 oportet
2532 1103 2641 1178 ire
2706 1102 2931 1177 ductu
2989 1099 3309 1194 rationiS,
3361 1121 3529 1196 quae
3588 1119 3854 1194 reprae-

1527 1228 1860 1296 sentatur
1911 1243 2046 1318 per
2095 1221 2503 1319 Virgilium.
2539 1223 2628 1296 Et
2674 1222 2790 1296 hic
2822 1227 2995 1296 nota
3032 1220 3229 1316 quod
3264 1221 3402 1294 sub
3437 1219 3571 1293 ista
3608 1219 3852 1314 pulcra

1527 1341 1816 1418 fictione
1875 1349 2090 1438 poeta
2139 1342 2485 1417 admonet
2520 1343 2891 1417 hominem
2928 1342 3309 1416 turbatum
3343 1341 3455 1414 ira
3489 1340 3699 1434 sequi
3734 1359 3854 1414 ve-

1528 1463 1739 1559 stigia
1790 1469 1866 1538 et
1913 1463 2252 1557 exempla
2306 1483 2745 1558 magnorum
2800 1462 3213 1556 sapientum
3252 1459 3850 1556 praecedentium3

1523 1583 1714 1658 sicut
1772 1584 1974 1657 Plato
2035 1582 2162 1676 qui
2230 1588 2389 1676 post
2455 1582 2749 1677 longam
2814 1580 3500 1678 peregrinationem,
3564 1578 3638 1652 in
3717 1599 3854 1670 qua

1528 1703 1948 1779 visitaverat
1999 1723 2305 1799 magnos
2362 1702 2724 1796 sapientes
2784 1701 3099 1798 AEgypti,
3158 1700 3382 1775 Italiae
3444 1704 3517 1774 et
3581 1697 3855 1792 Siciliae,

1527 1844 1874 1900 reversus
1925 1822 2218 1897 tandem
2273 1822 2346 1895 in
2398 1821 2709 1916 patriam
2741 1815 2813 1914 (¹)
2870 1821 3245 1897 inveniens
3301 1820 3493 1896 bona
3544 1840 3679 1893 sua
3736 1839 3856 1892 va-

1525 1951 1712 2018 stata
1767 1943 2204 2040 negligentia
2258 1942 2494 2037 villici,
2548 1942 2781 2016 noluit
2828 1949 3006 2018 tunc
3066 1941 3366 2038 exigere
3427 1959 3723 2035 poenam
3772 1939 3858 2014 de

1525 2085 1617 2141 eo
1669 2064 1985 2139 sentiens
2033 2083 2114 2138 se
2165 2064 2460 2138 iratum.
2497 2063 2583 2136 Et
2616 2063 2911 2137 Archita
2954 2063 3430 2158 philosophus·
3458 2060 3857 2136 tarentinus

1524 2205 1570 2260 a
1636 2205 1786 2279 quo
1863 2185 2065 2258 Plato
2141 2183 2373 2258 multa
2448 2182 2829 2277 didicerat,
2894 2202 3065 2257 cum
3142 2181 3375 2256 iratus
3426 2181 3585 2275 jam
3645 2180 3860 2256 vellet

1523 2311 1914 2400 percutere
1964 2305 2326 2380 famulum
2367 2304 2671 2378 retraxit
2712 2324 3045 2397 manum,
3088 2309 3163 2378 et
3201 2301 3567 2377 commisit
3616 2321 3861 2376 corre-

1525 2425 1842 2500 ctionem
1893 2424 2127 2520 alteri,
2181 2445 2277 2500 ne
2325 2425 2716 2499 excederet
2762 2425 3068 2498 modum
3120 2443 3251 2518 per
3304 2424 3491 2497 iram
3542 2443 3713 2519 quae
3750 2430 3859 2497 est

1529 2544 1814 2620 initium
1869 2545 2182 2640 suroris;
2232 2551 2307 2620 et
2358 2545 2457 2620 ita
2506 2545 2599 2620 de
2650 2545 2918 2619 multis,
2956 2545 3150 2641 Ergo
3193 2544 3385 2620 bene
3419 2543 3575 2618 vult
3623 2543 3862 2618 dicere

1529 2665 1905 2762 Virgilius:
1959 2665 2056 2739 fili
2111 2666 2237 2760 mi,
2272 2665 2327 2739 si
2382 2666 2490 2740 vis
2540 2666 2787 2740 omnia
2824 2685 3109 2762 regere,
3152 2670 3227 2740 te
3266 2665 3544 2739 subiice
3581 2663 3859 2738 rationi.

1527 2827 1628 2840 —
1651 2780 1728 2861 Si
1774 2807 1984 2860 come.
2037 2786 2168 2860 Hic
2216 2791 2433 2880 poeta
2482 2785 2795 2864 ostendit
2843 2787 3216 2879 quomodo
3278 2785 3679 2881 prudenter
3738 2805 3862 2880 pa-

1529 2905 1678 2980 ruit
1720 2912 2085 3001 praecepto
2118 2905 2421 3002 Virgilii,
2457 2906 2628 2999 quia
2664 2906 2910 2980 statim
2945 2905 3246 2980 adhaesit
3278 2905 3437 3000 sibi,
3471 2925 3605 3000 per
3638 2925 3859 2979 unam

1529 3026 2151 3122 comparationem
2206 3026 2556 3122 optimam
2594 3047 2763 3120 quae
2796 3032 2909 3100 est
2957 3026 3051 3101 de
3100 3046 3181 3101 se
3230 3028 3461 3120 clara3
3524 3024 3720 3099 unde
3759 3023 3863 3098 di-

1531 3146 1665 3220 cit:
1719 3148 2128 3220 M'andava
2177 3149 2275 3237 ιὀ,
2325 3151 2489 3240 post
2536 3151 2741 3242 terga
2794 3145 3071 3242 Virgilii
3138 3145 3473 3220 firmatus
3530 3145 3688 3240 sibi,
3728 3167 3859 3238 per

1531 3267 1577 3340 Γ
1603 3287 1769 3338 aere
1819 3286 2075 3339 amaro
2127 3287 2165 3337 e
2212 3285 2461 3356 sozzO,
2516 3265 2675 3339 talis
2729 3273 2927 3340 recte
2978 3271 3100 3340 est.
3138 3266 3249 3340 ira
3296 3286 3464 3360 quae
3512 3266 3864 3340 amaricat

1529 3384 1860 3461 animum
1915 3392 1989 3462 et
2039 3385 2399 3462 deformat
2450 3405 2739 3480 corpuS,
2796 3392 2878 3460 ut
2928 3386 3183 3482 pulcre
3232 3386 3543 3463 ostendit
3592 3387 3863 3462 Tullius

1528 3506 1603 3580 in
1653 3507 2089 3601 Tusculan0,
2141 3512 2215 3581 et
2266 3506 2543 3582 Seneca
2594 3506 2669 3579 in
2720 3526 2857 3580 suo
2905 3506 2999 3581 de
3031 3506 3178 3600 ira3
3214 3512 3289 3581 et
3324 3527 3502 3582 vere
3544 3507 3865 3582 terribile

1531 3631 1608 3700 et
1659 3633 1880 3723 turpe
1930 3626 2146 3700 nimis
2179 3633 2291 3701 est
2326 3626 2579 3701 videre
2628 3625 3001 3701 hominem
3054 3626 3562 3702 fulminantem
3597 3628 3673 3701 in
3723 3628 3865 3702 ira-

1529 3745 1796 3821 cundia
1847 3768 2007 3840 sua,
2057 3768 2102 3820 a
2153 3746 2390 3842 simili,
2440 3739 2502 3819 si
2540 3768 2732 3820 come
2772 3750 2955 3819 cieco
2988 3768 3081 3820 va-
3115 3749 3337 3821 dielro
3370 3769 3420 3820 a
3448 3768 3580 3820 sua
3624 3750 3863 3839 quida,

1530 3888 1665 3962 pro
1715 3868 1952 3941 salute
2001 3887 2158 3962 sua,
2202 3888 2340 3960 per
2388 3888 2535 3941 non
2582 3871 2981 3959 smum-irai,
3032 3867 3236 3963 idest,
3274 3888 3369 3942 ne
3417 3868 3782 3943 exorbitet
3824 3890 3873 3961 a,

1531 3987 1650 4062 via
1701 3994 1925 4081 recta,
1979 3988 2094 4063 vel
2147 3986 2344 4081 quod
2406 3987 2612 4081 peius
2666 3994 2880 4080 esset,
2924 4008 3058 4079 per
3118 4008 3264 4061 non
3310 3991 3453 4063 dar
3502 3990 3578 4062 di
3622 4008 3862 4079 cozzO,

1531 4107 1738 4201 idoet,
1789 4128 1884 4182 ne
1931 4106 2237 4181 incutiat
2286 4106 2718 4201 improvide,
2772 4109 2848 4179 in
2898 4127 3067 4180 cosa
3114 4110 3233 4181 che
3256 4110 3309 4181 Ἰ
3354 4110 3644 4198 molesti,
3685 4108 3888 4182 sicut

1529 4227 1604 4302 in
1673 4227 1953 4324 lignum
2011 4227 2129 4301 vel
2195 4228 2265 4299 in
2330 4226 2640 4320 serrum,
2704 4227 2901 4320 quod
2952 4227 3321 4302 concutiat
3380 4226 3514 4301 sibi
3584 4227 3862 4321 faciem,

1528 4370 1573 4421 o
1613 4352 1811 4442 forse
1869 4350 2158 4439 ancida,
2208 4346 2401 4421 sicut
2448 4348 2522 4420 in
2582 4367 2861 4440 equum
2916 4349 3033 4422 vel
3096 4347 3171 4421 in
3223 4353 3523 4421 taurum
3576 4348 3862 4423 iratum.

1527 4469 1616 4542 Et
1648 4468 1750 4543 sic
1791 4476 1963 4543 nota
2003 4468 2323 4561 qualiter
2371 4475 2587 4563 poeta
2638 4476 2887 4543 noster
2920 4467 3415 4563 propriissime
3455 4474 3673 4542 vocat
3720 4466 3861 4542 ira-

1530 4594 1691 4662 tum
1753 4608 2074 4663 caecum:
2128 4608 2311 4663 vere
2357 4587 2549 4662 enim
2604 4587 2836 4662 iratus
2888 4595 2999 4662 est
3050 4608 3291 4662 caecus
3350 4594 3423 4661 et
3480 4586 3865 4682 plusquam

1529 4729 1803 4805 caecus3
1839 4730 2080 4784 caecus
2111 4701 2184 4801 (²)
2238 4709 2435 4782 enim
2489 4706 2656 4782 licet
2706 4707 2964 4803 perdat
2999 4708 3350 4783 visionem
3387 4707 3863 4803 corporalem,

1529 4851 1678 4905 non
1747 4836 1993 4904 tamen
2058 4828 2295 4924 perdit
2358 4827 2779 4923 mentalem,
2844 4827 2993 4901 imo
3054 4827 3288 4925 magis
3352 4826 3751 4901 intenditur
3798 4826 3867 4901 in

1656 5092 1712 5155 (¹)
1745 5091 1807 5142 E.
1839 5092 1892 5143 in
1925 5091 2146 5156 patriam
2175 5105 2322 5142 suam
2356 5092 2634 5143 inveniens.
3010 5089 3071 5154 (¹)
3100 5092 3163 5143 E.
3194 5092 3314 5157 quia
3345 5104 3515 5143 cneus
3544 5090 3684 5142 licet.
