4392 6850
1457 949 1598 1016 156
2180 960 2590 1018 counmuu
2637 955 3077 1028 mammona

1451 1106 1800 1202 Oriagum
1853 1126 1987 1200 per
2033 1105 2184 1180 duo
2226 1106 2585 1200 milliaria,
2622 1107 2879 1198 quand’
2904 1107 2977 1178 io
3018 1107 3121 1198 su'
3154 1107 3661 1195 sovraym‘unto
3696 1105 3797 1178 ad

1459 1229 1753 1317 oriayo,
1807 1225 1934 1300 ubi
1981 1233 2196 1320 erant
2246 1225 2683 1318 insidianteS,
2725 1245 2951 1298 ancer
2992 1225 3187 1298 sarci
3232 1226 3310 1298 di
3356 1213 3455 1316 ld,
3506 1226 3685 1296 dove
3736 1225 3797 1296 si

1447 1349 1672 1440 spira,
1723 1345 1928 1440 idest,
1979 1345 2054 1420 in
2115 1345 2394 1422 mundo
2454 1345 2883 1420 viventium.
2944 1345 3033 1418 Et
3090 1346 3247 1420 vult
3306 1343 3633 1419 breviter
3690 1343 3799 1418 di-

1449 1487 1666 1542 cere:
1737 1465 1798 1540 si
1865 1485 2006 1563 ego
2081 1467 2555 1562 arripuissem
2634 1466 2889 1562 fugam
2958 1485 3091 1560 per
3162 1465 3393 1560 ripam
3475 1462 3797 1538 fluminis

1450 1587 1763 1681 Brentae,
1813 1585 2092 1661 directe
2140 1607 2403 1660 versus
2451 1585 2803 1680 Paduam,
2854 1585 3096 1660 adbuc
3146 1605 3383 1660 essem
3438 1585 3629 1658 inter
3686 1583 3795 1656 vi-

1450 1727 1604 1800 voS,
1656 1707 1831 1800 quia
1881 1713 2213 1801 poteram
2270 1706 2573 1780 faciliter
2622 1705 2940 1781 evadere
2989 1725 3162 1780 cum
3214 1725 3412 1798 equo
3464 1704 3691 1778 veloci
3744 1725 3794 1778 a

1449 1829 1792 1904 manibus
1858 1827 2150 1901 illorum
2217 1826 2569 1923 peditum,
2630 1826 3123 1921 perveniendo
3182 1825 3325 1900 cito
3390 1824 3487 1900 ad
3542 1826 3791 1900 locum

1449 1949 1942 2042 habitationiS,
2016 1947 2140 2022 ubi
2212 1947 2511 2023 fuissem
2584 1954 2821 2040 tutuS,
2888 1946 3017 2022 sed
3083 1945 3535 2022 contrarium
3586 1944 3793 2038 fecit3

1449 2070 1648 2144 unde
1692 2069 1894 2144 dicit:
1948 2072 2136 2142 corsi
2169 2071 2248 2140 al
2270 2071 2559 2159 palude,
2604 2067 2853 2142 relicta
2882 2059 2957 2160 (¹)
2994 2066 3113 2140 via
3151 2073 3353 2142 recta
3384 2086 3516 2162 per
3551 2073 3803 2140 trans-

1447 2210 1772 2284 versum,
1825 2213 1862 2262 e
1911 2193 1972 2264 le
2021 2211 2367 2264 cannucce
2412 2209 2453 2262 e
2484 2192 2534 2262 ’l
2588 2190 2842 2280 brayo,
2901 2188 3125 2283 ipsius
3185 2188 3411 2282 vallis,
3473 2191 3562 2260 m'
3586 2191 3803 2281 impi—

1445 2315 1637 2402 9liar
1685 2303 1766 2404 si,
1801 2310 2008 2405 idest,
2045 2311 2140 2385 ita
2181 2330 2304 2385 me
2354 2310 2940 2406 implicaverunt,
2976 2311 3175 2382 oh'io
3212 2311 3447 2400 caeldi,
3498 2309 3791 2404 scilicet,

1447 2433 1544 2506 ab
1593 2452 1812 2527 equo,
1867 2431 1990 2506 ubi
2058 2431 2369 2506 habilius
2428 2435 2501 2506 et
2564 2429 2797 2504 tutius
2848 2449 2973 2504 me
3034 2429 3534 2524 trucidarunt3
3594 2429 3795 2506 unde

1449 2553 1665 2627 dicit:
1718 2575 1756 2625 e
1795 2545 1844 2626 li
1893 2555 2031 2626 vid'
2055 2555 2126 2625 io
2177 2555 2351 2626 delle
2400 2553 2535 2624 mie
2584 2571 2753 2623 vene
2784 2553 2975 2644 sarsi
3020 2553 3097 2624 in
3144 2557 3343 2624 terra
3392 2554 3581 2642 layo,
3620 2549 3796 2644 quia

1449 2672 1746 2770 sanguis
1797 2692 2010 2747 meus
2061 2678 2258 2745 totus
2309 2670 2594 2746 effluxit
2644 2670 2763 2744 ibi.

1595 2795 1728 2866 Pot'
1775 2794 1960 2866 disse
2005 2811 2103 2864 zm
2153 2793 2363 2864 altro·
2417 2791 2560 2865 Ista
2612 2797 2723 2864 est
2781 2796 3045 2884 quarta
3112 2796 3187 2866 et
3242 2790 3503 2864 ultima
3564 2791 3798 2885 parti-

1448 2913 1616 2988 cula
1643 2903 1746 3006 (²),
1797 2911 1871 2985 in
1923 2932 2073 3004 qua
2131 2916 2347 3007 poeta
2404 2910 2747 2984 describit
2802 2911 3029 2984 alium
3092 2910 3429 3005 spiritum
3493 2911 3791 2986 moder-

1449 3053 1654 3127 num,
1706 3031 1836 3126 qui
1893 3030 2028 3104 fuit
2087 3030 2299 3104 nimis
2358 3029 2601 3105 audax
2666 3031 2743 3105 in
2800 3031 3083 3127 proelio,
3148 3031 3335 3107 sicut
3398 3033 3791 3127 praedictus

1449 3153 1584 3226 fuit
1632 3150 1844 3226 nimis
1895 3152 2337 3227 temerarius
2388 3151 2463 3225 in
2512 3152 2775 3227 officio.
2828 3151 3013 3227 Dicit
3046 3173 3273 3248 ergo:
3309 3157 3444 3226 Poi
3478 3157 3665 3226 disse
3692 3174 3795 3226 un

1447 3277 1661 3363 altr-0,
1711 3273 1917 3367 idest,
1979 3273 2166 3348 alius
2228 3272 2523 3367 spiritus
2586 3279 2885 3368 captans
2944 3273 3554 3370 benevolentiam,
3605 3277 3791 3350 dela!

1449 3393 1658 3489 quasi
1707 3393 1941 3468 dicat:
1993 3392 2351 3489 deprecor
2404 3399 2498 3488 te,
2566 3415 2641 3467 se
2706 3397 2866 3492 quel
2910 3395 3087 3467 disio
3134 3396 3201 3467 si
3244 3399 3542 3487 compia,
3585 3395 3793 3491 idest,

1449 3514 1508 3588 si
1539 3594 1547 3600 ,
1579 3514 1755 3588 illud
1818 3521 2030 3587 tuum
2111 3512 2555 3589 desiderium
2614 3513 3103 3608 adimpleatur
3170 3514 3493 3609 feliciter,
3558 3518 3681 3589 cloe
3746 3520 3799 3590 ti

1449 3640 1699 3725 crayae
1749 3636 1868 3707 all'
1893 3637 2036 3707 alto
2087 3640 2357 3726 monce5
2408 3640 2485 3709 et
2532 3633 2635 3707 sic
2677 3632 2841 3707 vide
2882 3632 3079 3727 quod
3111 3634 3402 3708 adiurat
3450 3654 3625 3709 eum
3662 3656 3805 3731 per

1449 3755 1518 3829 id
1571 3754 1768 3849 quod
1819 3754 2146 3829 maxime
2185 3755 2502 3849 optabat.
2554 3754 2779 3829 Poeta
2832 3753 3027 3829 enim
3078 3754 3292 3830 avide
3323 3745 3394 3847 (³)
3452 3756 3795 3831 tendebat

1447 3876 1542 3951 ad
1593 3881 1946 3969 montem,
1998 3884 2084 3951 ut
2133 3880 2375 3969 posset
2426 3874 2813 3971 pervenire
2850 3874 2945 3949 ad
2978 3876 3253 3949 coelum
3290 3883 3367 3950 et
3400 3876 3651 3951 videre
3680 3876 3794 3953 di-

1447 3996 1696 4071 vinam
1746 3994 2164 4089 essentiam,
2200 3995 2273 4067 in
2308 4016 2457 4088 qua
2490 3996 2642 4069 sola
2678 3994 3051 4088 quietatur
3086 4016 3307 4071 omne
3345 3996 3789 4073 desiderium

1447 4116 1886 4209 humanum,
1939 4116 2134 4188 aima
2197 4117 2255 4188 il
2310 4117 2475 4205 mio,
2527 4115 2783 4209 supple
2850 4114 3317 4211 desiderium,
3376 4138 3509 4191 con
3558 4120 3795 4191 buono

1434 4240 1715 4329 pietate,
1777 4235 1988 4329 quasi
2040 4234 2269 4309 dicat:
2322 4256 2497 4309 cum
2548 4254 2767 4329 aeque
2824 4236 3017 4310 bona
3080 4236 3387 4313 caritate
3458 4237 3794 4313 similiter

1447 4378 1630 4455 roga
1681 4376 1812 4453 pro
1867 4377 1988 4431 me
2037 4357 2096 4430 si
2155 4376 2487 4450 unquam
2538 4356 2931 4451 contingat,
2986 4358 3183 4451 quod
3251 4364 3412 4452 post
3470 4358 3789 4433 reditum
3874 4364 3889 4379 ·

1445 4485 1661 4551 tuum
1713 4477 1805 4551 ad
1857 4476 2245 4571 mundum,
2288 4484 2365 4551 tu
2422 4477 2645 4551 vadas
2696 4476 2771 4549 in
2822 4477 3215 4551 Marcbiam
3268 4478 3360 4552 ad
3412 4477 3783 4553 civitatem

1445 4597 1719 4690 Urbini,
1771 4596 1944 4691 quia
1997 4597 2100 4670 fui
2151 4597 2461 4671 nobilior
2508 4602 2583 4671 et
2635 4595 2995 4671 valentior
3028 4618 3255 4691 quam
3296 4598 3433 4673 iste
3466 4598 3578 4671 sit.
3612 4598 3792 4675 Ideo

1445 4724 1532 4791 ut
1580 4716 1832 4791 reddat
1878 4723 2170 4813 poetam
2234 4718 2367 4792 sibi
2418 4718 2861 4793 benevolum
2912 4717 3155 4792 statim
3217 4718 3557 4793 describit
3606 4740 3689 4795 se
3737 4742 3801 4796 a·

1445 4838 1745 4914 nomine
1793 4845 1868 4913 et
1917 4840 2377 4935 cognomine,
2428 4838 2723 4914 dicens:
2774 4842 2845 4911 io
2887 4841 2998 4932 sm·
3044 4841 3121 4913 di
3168 4844 3626 4934 Monteselwo.
3678 4841 3789 4917 Ad

1575 5087 1629 5152 (¹)
1657 5088 1711 5139 S.
1745 5088 2006 5141 derelicta.
2256 5089 2313 5155 (²)
2346 5092 2407 5143 Ε.
2441 5105 2576 5155 pm,
2609 5091 2663 5141 in
2692 5106 2813 5155 qna.
3062 5091 3117 5155 (')
3150 5092 3213 5143 Β·
3242 5092 3469 5143 maxime
3498 5094 3755 5147 “Wlffli-
