4392 6850
1438 931 1580 1004 248
2155 941 2563 1002 commun
2612 945 3056 1002 mnenonu

1435 1094 1704 1189 scendi,
1754 1096 1830 1166 in
1875 1113 1960 1166 su
2008 1089 2058 1166 l'
2077 1089 2277 1183 orba,
2328 1089 2533 1188 idest,
2576 1092 2647 1167 in
2700 1087 2823 1167 illo
2870 1093 3025 1168 solo
3061 1087 3397 1188 herboso,
3432 1089 3560 1168 ubi
3615 1101 3775 1169 erat

1437 1214 1668 1289 lectus
1717 1211 2010 1286 illorum
2064 1209 2507 1307 illustrium3
2562 1211 2761 1287 unde
2808 1212 3019 1287 dicit:
3070 1204 3145 1287 ἰὰ
3192 1215 3369 1288 dove
3418 1217 3569 1289 etati
3632 1219 3777 1288 cin·

1436 1353 1566 1431 que
1612 1334 2007 1423 sedevamo,
2059 1327 2354 1427 scilicet,
2412 1327 2770 1428 Virgilius,
2830 1331 2983 1428 ipse
3040 1330 3327 1430 DanteS,
3380 1331 3776 1432 Sordellus,

1391 1451 1654 1551 ‘judex
1707 1451 1959 1546 NinuS,
2019 1457 2094 1527 et
2153 1447 2483 1526 marchio
2550 1451 2939 1527 Corradus,
3006 1452 3095 1527 Et
3161 1455 3275 1530 hic
3346 1461 3515 1530 nota
3580 1451 3779 1550 quod

1435 1571 1702 1648 Dantes
1752 1569 2091 1647 describit
2141 1589 2550 1668 congruam
2604 1571 2859 1648 boram
2916 1573 3031 1648 sui
3064 1571 3337 1670 somni3
3392 1595 3564 1650 nam
3597 1593 3777 1651 cum

1439 1703 1613 1770 tunc
1663 1701 1854 1770 esset
1904 1703 2194 1788 tempus
2244 1693 2658 1787 aequinoctii
2710 1694 2865 1789 ipse
2904 1695 3019 1769 vir
3052 1691 3419 1770 studiosus
3452 1705 3617 1772 erat
3654 1715 3777 1771 so·-

1436 1813 1606 1889 litus
1657 1811 1970 1910 vigilare
2011 1829 2152 1908 per
2193 1815 2343 1887 tres
2390 1813 2605 1888 horas
2641 1812 2867 1888 noctis
2894 1806 2969 1906 ζ’)
3010 1821 3085 1890 et
3118 1813 3468 1912 evigilare
3514 1815 3596 1891 in
3641 1837 3777 1892 au-

1438 1956 1609 2010 rora
1657 1933 1851 2010 sicut
1897 1953 2094 2010 nunc
2135 1928 2325 2008 fecit.
2351 1970 2453 1988 --·
2477 1935 2650 2009 Nell'
2676 1955 2833 2008 ora.
2888 1935 3098 2012 Nunc
3138 1939 3373 2032 poeta,
3414 1937 3775 2034 descripta

1438 2057 1622 2131 bora
1671 2051 2021 2152 temporis
2086 2075 2235 2148 qua
2297 2053 2741 2150 obdormuit,
2803 2055 3079 2132 scilicet
3142 2075 3495 2133 auroram
3556 2054 3775 2154 lunoe,

1431 2176 1772 2254 describit
1835 2177 2096 2251 horam
2174 2196 2322 2271 qua
2390 2175 2757 2251 somnium
2826 2177 3016 2273 fecit,
3081 2175 3351 2254 scilicet
3412 2197 3777 2254 auroram

1435 2299 1652 2374 solis:
1707 2303 1778 2373 et
1829 2295 2156 2405 breviter
2212 2297 2369 2369 vult
2431 2295 2698 2389 dicere,
2752 2297 2950 2392 quod
3008 2317 3181 2372 cum
3248 2295 3634 2374 dormisset
3682 2293 3777 2373 ad

1435 2413 1949 2494 sufficientiam
1981 2415 2391 2492 secundum
2426 2437 2639 2490 suam
2680 2425 3024 2492 naturam
3060 2425 3136 2492 et
3168 2417 3774 2494 consuetudinem

1436 2539 1691 2615 habuit
1740 2551 1966 2611 unam
2022 2531 2373 2612 visionem
2427 2535 2621 2612 circa
2680 2557 3032 2611 auroram
3067 2533 3260 2632 -diei,
3315 2539 3609 2633 quando
3658 2559 3775 2615 so·-

1435 2658 1584 2736 lent
1635 2660 1797 2755 plus
1848 2655 2004 2732 fieri
2057 2657 2339 2732 somnia
2390 2677 2589 2732 vera.
2645 2655 2839 2732 Visio
2889 2662 3142 2733 autem
3198 2667 3380 2753 erat,
3433 2660 3631 2755 quod
3664 2658 3776 2734 vi-

1433 2781 1748 2856 debatur
1798 2777 1930 2851 sibi
1983 2775 2233 2852 videre
2284 2795 2512 2850 unam
2548 2775 2871 2871 aquilam
2908 2777 2983 2851 in
3023 2780 3193 2874 alto,
3230 2799 3399 2874 quae
3438 2779 3775 2855 celeriter

1434 2897 1879 2976 descendens
1933 2893 2261 2992 rapiebat
2310 2917 2487 2972 eum
2541 2901 2615 2972 et
2662 2893 3001 2993 portabat
3048 2917 3288 2994 usque
3337 2895 3431 2974 ad
3481 2917 3771 2994 speram

1435 3021 1643 3118 ignis,
1694 3017 1820 3093 ubi
1872 3039 2026 3114 prae
2073 3017 2301 3092 nimio
2350 3018 2597 3092 calore
2645 3017 2912 3093 ardens
2956 3021 3362 3116 cogebatur
3400 3019 3773 3118 evigilare.

1431 3141 1704 3216 Ordina
1754 3158 1952 3214 nunc
2001 3137 2289 3214 literam
2344 3139 2491 3212 sic:
2544 3141 2617 3210 in
2665 3157 2914 3232 soqvw,
2966 3139 3171 3234 idest,
3222 3139 3297 3212 in
3326 3131 3398 3231 (²)
3466 3139 3774 3236 somnia,

1437 3265 1530 3334 mi
1572 3241 1802 3353 parea
1855 3263 2062 3334 veder
2108 3261 2229 3332 un’
2252 3259 2517 3350 aquila,
2580 3257 2713 3333 ista
2776 3263 2938 3333 erat
2977 3255 3221 3353 Lucia,
3276 3257 3479 3354 idest,
3530 3259 3775 3336 divina

1431 3383 1691 3481 gratia,
1727 3381 1820 3458 de
1871 3401 2018 3477 qua
2051 3380 2329 3456 dictum
2368 3386 2479 3455 est
2512 3376 2724 3475 plene
2772 3373 3093 3456 secundo
3128 3380 3447 3477 capitulo
3478 3377 3771 3478 Inferni,

1431 3525 1721 3597 sospesa
1769 3506 1886 3577 nel
1929 3504 2080 3594 ciel,
2131 3502 2306 3596 quia
2357 3498 2621 3597 pendet
2678 3520 2723 3575 a
2782 3508 3031 3575 mente
3081 3498 3345 3597 divina,
3386 3522 3517 3576 con
3550 3524 3778 3596 penne

1433 3622 1504 3699 α’
1529 3646 1688 3715 ora,
1729 3619 1822 3698 de
1855 3620 2190 3698 nobiliori
2228 3621 2535 3697 materia
2572 3640 2719 3695 non
2759 3618 2995 3717 potuit
3029 3621 3351 3697 formare
3384 3623 3539 3698 alas
3572 3622 3777 3698 istius

1431 3746 1725 3843 aquilae,
1761 3744 1934 3839 quia
1968 3744 2255 3818 nullum
2294 3740 2675 3817 metallum
2710 3740 3125 3837 perfectiuS,
3156 3740 3327 3838 quia
3363 3762 3771 3838 numquam

1433 3846 1959 3961 corrumpitur,
2021 3882 2429 3958 numquam
2498 3858 2951 3956 diminuitur,
3014 3880 3423 3958 numquam
3484 3862 3771 3960 deficit3

1434 3984 1596 4063 ideo
1632 3986 1822 4079 dicit,
1859 4005 1990 4058 con
2024 3986 2068 4057 ι’
2093 3986 2194 4057 ali
2230 3990 2494 4076 aperte,
2546 3980 2719 4077 quia
2769 3980 3007 4078 gratia
3042 3980 3167 4058 Dei
3204 4000 3497 4078 semper
3540 3984 3774 4080 aperit

1433 4106 1758 4201 brachia,
1832 4112 1907 4180 et
1991 4104 2305 4180 libenter
2386 4102 2699 4177 admittit
2738 4092 2812 4195 (ξ’)
2880 4121 3139 4177 omnes
3216 4102 3607 4178 redeuntes
3680 4102 3771 4179 ad

1433 4248 1634 4319 eum,
1685 4226 1874 4299 sicut
1923 4244 2121 4299 nunc
2173 4228 2463 4319 poetam
2498 4216 2885 4317 'nostrum3
2922 4222 3117 4297 unde
3150 4220 3359 4297 dicit:
3393 4230 3460 4297 et
3489 4242 3538 4297 a
3569 4224 3774 4298 calm

1433 4352 1709 4441 intesa3
1759 4344 1965 4439 idest,
2016 4344 2371 4420 intentam
2425 4353 2499 4419 et
2551 4348 2881 4439 paratam
2930 4340 3025 4416 ad
3056 4340 3644 4419 descendendum
3696 4344 3770 4418 in

1431 4468 1834 4543 subsidium
1887 4464 2186 4541 autoris.
2242 4463 2448 4541 Sicut
2477 4462 2669 4541 enim
2706 4458 2839 4538 ista
2872 4460 3095 4539 Lucia
3136 4464 3505 4539 succurrit
3537 4468 3770 4561 poetae

1432 4596 1681 4663 nostro
1733 4588 2096 4664 intraturo
2145 4586 2219 4660 in
2270 4582 2664 4680 infernum,
2714 4584 2890 4659 dum
2942 4580 3445 4680 impederetur
3492 4586 3587 4659 ab
3638 4580 3771 4660 illis

1433 4708 1664 4783 tribus
1715 4706 1884 4782 feris
1935 4702 2266 4802 pessimis
2317 4702 2874 4801 impedientibus
2921 4702 3055 4779 sibi
3106 4720 3496 4779 ascensum
3556 4722 3769 4781 mun-

1554 4936 1608 4997 (')
1640 4937 1749 4994 1¹7,
1783 4934 1963 4995 noctis,
1992 4938 2046 4984 et
2079 4932 2306 4999 vigilare.

1555 5011 1612 5070 (¹)
1643 5010 1705 5061 E.
1739 5010 1792 5059 ln
1823 5008 2093 5061 insomnio.

1556 5086 1608 5148 ι’)
1642 5086 1702 5135 Ε.
1737 5085 1960 5136 admittit
1989 5084 2283 5137 redeuntes.
2300 5106 2362 5125 -
2384 5090 2493 5147 1¹⁷.
2525 5082 2750 5137 admittit
2782 5084 3029 5171 adeuntes
3058 5082 3131 5139 ad
3154 5094 3297 5137 eum.
