4392 6850
1437 987 1722 1046 umus
1771 989 2063 1045 senus.
2776 975 2915 1044 173

563 1139 824 1230 poeta:
879 1156 918 1208 e
983 1137 1132 1210 vidi
1181 1135 1226 1208 1’
1251 1137 1494 1208 anima
1536 1137 1766 1210 divisa
1813 1137 1942 1210 dal
1985 1155 2206 1228 corpo
2242 1155 2399 1225 3210,
2436 1133 2729 1229 scilicet,
2767 1133 2925 1210 vio-

567 1253 814 1330 lenter
863 1259 1299 1350 separatam,
1347 1259 1480 1348 per
1543 1258 1724 1330 ostio
1771 1277 1811 1330 e
1862 1277 2002 1348 per
2057 1257 2411 1346 ἐπωρθία,
2462 1253 2671 1344 idest,
2736 1252 2923 1328 invi·-

565 1373 710 1468 dia‚
763 1395 910 1448 non
951 1395 1084 1466 per
1129 1377 1338 1466 colpa
1384 1376 1748 1467 commisa,
1795 1375 2002 1470 idest,
2053 1395 2205 1449 non
2256 1373 2431 1468 quia
2480 1374 2574 1448 de
2626 1373 2733 1448 rei
2790 1394 2921 1450 ve-

570 1494 789 1570 ritate
839 1500 1030 1568 esset
1078 1493 1152 1568 in
1203 1495 1443 1590 culpa,
1493 1495 1707 1570 cuius
1769 1503 2162 1571 accusatus
2232 1494 2495 1570 fuerat.
2564 1493 2651 1567 Et
2702 1494 2918 1570 dicit:

563 1634 760 1688 come
807 1616 1032 1704 dicea,
1083 1613 1288 1708 idest,
1337 1615 1528 1690 sicut
1587 1615 1742 1711 ipse
1807 1615 2176 1692 referebat
2228 1613 2455 1709 mihi3
2508 1621 2751 1688 tamen
2806 1613 2917 1687 iu-

563 1731 786 1810 famia
837 1733 1222 1808 laborabat
1271 1741 1528 1809 contra
1579 1755 1756 1812 eum
1808 1735 1881 1808 in
1934 1721 2179 1832 vulgo.
2244 1733 2385 1808 Sed
2445 1733 2738 1828 nantes,
2789 1733 2915 1828 qui

563 1852 700 1931 fuit
766 1852 1112 1948 Parisius,
1181 1860 1345 1949 post
1405 1855 1710 1930 exilium
1773 1877 2022 1950 suum,
2085 1857 2465 1952 explorata
2532 1854 2916 1952 diligenter

567 1973 878 2051 veritate
945 1971 1166 2048 huius
1232 1972 1363 2068 rei,
1432 1973 1737 2071 dignum
1805 1975 2036 2070 duxit,
2109 1975 2349 2071 ipsum
2422 1993 2699 2070 ponere
2772 1971 2915 2048 sal·-

566 2113 750 2170 vum
799 2091 875 2166 in
925 2091 1376 2189 purgatori0,
1427 2089 1522 2168 et‘
1553 2093 1862 2170 reddere
1903 2093 2037 2168 sibi
2077 2095 2349 2168 bonam
2394 2094 2692 2188 famam,
2728 2093 2917 2168 sicut

565 2211 844 2288 fecerat
891 2211 1108 2287 Petro
1157 2211 1250 2286 de
1301 2211 1542 2288 vineis
1592 2212 1668 2288 in
1729 2213 2036 2290 inferne.
2099 2214 2188 2287 Et
2248 2212 2423 2308 quia
2488 2219 2705 2308 poeta
2754 2219 2917 2288 erat

563 2331 854 2406 locutus
888 2331 1102 2405 nimis
1129 2333 1402 2426 clause,
1434 2332 1760 2410 declarat
1793 2353 1896 2429 se,
1931 2333 2217 2426 dicens;
2251 2337 2419 2408 Pier
2456 2337 2653 2408 dalla
2686 2339 2914 2408 Broc-

563 2454 700 2542 αἀ,
761 2454 938 2525 dico,
1001 2451 1090 2524 Et
1147 2450 1322 2546 quia
1383 2451 1536 2548 ipse
1595 2473 1793 2528 nunc
1857 2453 2201 2528 describit
2260 2454 2775 2550 purgatorium
2838 2461 2919 2530 et

566 2570 796 2648 tendit
845 2572 941 2648 ad
991 2571 1540 2668 poenitentiam;
1592 2573 1754 2648 ideo
1815 2574 2069 2648 invitat
2129 2574 2361 2669 ipsam
2428 2575 2759 2674 reginam
2822 2573 2915 2648 ad

564 2690 1066 2786 poenitentiam
1119 2692 1340 2766 huius
1389 2692 1664 2788 peccati
1717 2692 1790 2766 in
1839 2693 2010 2786 vita,
2045 2693 2339 2768 dicens:
2387 2715 2427 2767 e
2458 2697 2531 2768 la
2562 2697 2807 2768 donna
2840 2696 2918 2768 di

565 2812 947 2904 Brabance,
1015 2811 1221 2906 idest,
1281 2812 1538 2909 regina
1601 2811 1948 2908 Franciae,
2018 2835 2186 2908 quae
2246 2821 2437 2890 erat·
2476 2813 2619 2890 fllia
2696 2814 2903 2888 ducis

569 2931 1008 3023 Brabantiae,
1055 2937 1452 3025 proveqyia
1499 2937 1643 3027 qui,
1695 2935 1986 3027 scilicet,
2037 2935 2541 3030 poenitentiam
2602 2942 2775 3032 agat
2832 2934 2909 3008 in

567 3054 845 3128 mundo
895 3053 990 3128 de
1041 3061 1280 3130 morte
1337 3055 1762 3151 innocentis,
1813 3075 2038 3149 quem
2100 3055 2281 3130 falso
2336 3057 2711 3131 accusavit
2776 3075 2911 3151 per

573 3170 944 3266 invidiam,
995 3180 1260 3248 mentre
1305 3171 1382 3249 e'e
1429 3178 1506 3249 di
1551 3197 1721 3270 qua,
1781 3175 2075 3270 scilicet,
2127 3176 2203 3250 in
2259 3177 2399 3250 hac
2454 3176 2625 3271 vita,
2676 3169 2738 3249 si
2797 3178 2918 3249 che

563 3285 767 3385 perd,
803 3293 1007 3388 idest,
1045 3301 1340 3389 propter
1381 3294 1572 3370 istud
1613 3315 1924 3371 enorme
1971 3303 2357 3391 peecatum
2408 3297 2914 3390 commissum,

563 3433 710 3487 mm
755 3415 868 3487 sia
917 3415 992 3487 di
1029 3417 1334 3507 peym'or
1393 3418 1725 3509 yreyoia,
1785 3438 2014 3511 quam
2059 3401 2215 3491 'iste
2279 3417 2563 3511 PetruS‚
2617 3416 2744 3512 qui
2804 3425 2915 3492 est

564 3530 753 3607 inter
802 3540 1108 3629 agentes
1159 3534 1660 3629 poenitentiam
1713 3536 1788 3611 in
1840 3538 1976 3612 hoc
2027 3538 2239 3632 loco;
2293 3536 2501 3635 quasi
2552 3536 2781 3612 dicat:
2827 3556 2921 3613 ne

564 3650 655 3730 sit
701 3652 796 3729 de
843 3674 1078 3751 grege
1125 3655 1648 3732 damnatorum
1699 3657 1776 3731 in
1827 3657 2136 3733 inferno.

714 3778 922 3848 Come
953 3776 1170 3849 libero
1197 3780 1324 3871 sui.
1378 3776 1520 3851 Ista
1571 3784 1681 3853 est
1729 3778 2050 3853 secunda
2104 3800 2274 3874 pars
2300 3773 2377 3872 (¹)
2416 3778 2805 3877 generalia,
2840 3779 2915 3853 in

566 3915 712 3987 qua
763 3902 978 3989 poeta
1043 3895 1334 3971 discutit
1363 3888 1439 3988 (²)
1491 3918 1722 3972 unam
1774 3898 2257 3992 quaestionem
2306 3918 2477 3993 quae
2524 3899 2766 3974 oritur
2816 3918 2909 3974 ex

564 4014 806 4109 dictis3
858 4024 934 4091 et
981 4016 1322 4091 describit
1357 4038 1592 4091 unum
1627 4018 1962 4113 spiritum
2007 4017 2487 4116 singularem,
2530 4019 2908 4094 concivem

563 4136 839 4234 Virgilii
869 4126 970 4229 (³).
1019 4138 1108 4213 Et
1149 4137 1526 4213 dubitatio
1585 4138 1910 4215 breviter
1975 4146 2120 4215 stat
2177 4140 2253 4214 in
2318 4142 2506 4215 hoc:
2568 4139 2915 4237 Virgilius

563 4256 654 4331 VI
701 4256 1014 4333 Eneidos
1061 4257 1334 4351 scribit,
1371 4257 1570 4353 quod
1601 4258 1838 4335 Eneas
1871 4280 2042 4335 cum
2091 4258 2219 4334 ivit
2257 4259 2351 4335 ad
2385 4259 2754 4336 infernum
2800 4259 2914 4333 in·-

565 4376 764 4458 venit
823 4376 1014 4451 inter
1075 4377 1254 4453 alias
1323 4379 1592 4455 multas
1652 4378 1938 4454 animas
1991 4380 2317 4455 animam
2385 4380 2734 4473 Palinuri,
2784 4378 2915 4473 qui

563 4499 1018 4597 gubernator
1069 4498 1274 4573 navis
1323 4498 1547 4594 ipsius
1595 4498 1817 4575 Eneae
1859 4508 2205 4597 ‘tempore
2272 4499 2503 4575 noctis
2562 4500 2917 4596 deceptus

565 4641 609 4695 a
659 4640 921 4695 somno
973 4618 1230 4695 cecidit
1277 4620 1358 4693 in
1405 4640 1642 4713 mare,
1691 4628 1769 4695 et
1827 4620 2144 4697 natando
2204 4620 2539 4716 pervenit
2594 4619 2689 4695 ad
2747 4619 2919 4695 litus

568 4740 840 4835 ltaliae3
891 4746 969 4815 et
1017 4740 1196 4815 dum
1249 4742 1470 4817 vellet
1519 4741 1725 4817 exire
1765 4741 1840 4816 in
1891 4748 2192 4843 terram,
2237 4740 2533 4837 quidam
2590 4746 2918 4837 pastores

567 4868 904 4956 putantes
949 4858 1188 4955 ipsum
1239 4880 1402 4937 esse
1437 4860 1746 4956 piratam
1783 4861 2138 4957 lapidibus
2163 4861 2679 4937 demerserunt
2712 4882 2913 4939 eum.

689 5050 744 5112 ζ’)
775 5049 838 5099 13.
870 5062 900 5099 e
935 5053 1044 5109 11⁷,
1078 5062 1198 5112 pars
1229 5050 1460 5114 capituli,
1493 5053 1548 5102 in
1578 5066 1699 5117 qua.
2011 5050 2064 5113 (¹)
2096 5051 2148 5103 S.
2183 5052 2444 5103 discurrit.

692 5123 746 5188 (⁸)
776 5124 840 5173 E.
871 5124 1098 5188 Virgilii,
1131 5124 1224 5189 qui
1255 5124 1328 5176 v1
1359 5126 1584 5181 Eneidoe
1611 5126 1809 5179 toribii.
