4392 6850
1473 956 1620 1024 εει
2195 965 2609 1019 commu
2656 965 3097 1020 ruam-mnu

1473 1114 1598 1188 bet
1617 1105 1692 1203 ζ’)
1719 1108 2106 1206 imaginari
2139 1109 2525 1205 diligenter
2550 1121 2893 1186 naturam
2926 1119 3003 1184 et
3034 1111 3555 1206 proprietatem
3590 1111 3809 1184 buius

1473 1233 1648 1324 vitii,
1671 1231 1874 1326 quod
1903 1231 2002 1304 ita
2025 1230 2391 1326 extinguit
2416 1231 2673 1305 lumen
2704 1231 3009 1306 rationis
3038 1239 3117 1306 et
3146 1231 3461 1328 fumigat
3480 1224 3585 1326 θ),
3610 1232 3805 1326 quod

1475 1355 1698 1428 bomo
1745 1353 2116 1426 alienatur
2153 1359 2407 1426 mente
2438 1359 2515 1426 et
2546 1351 2857 1426 incurrit
2892 1351 3227 1427 furorem
3258 1353 3607 1446 ferinum,
3636 1354 3809 1446 quia

1477 1473 1552 1546 in
1601 1473 1714 1546 ira
1759 1471 2134 1546 crudelius
2185 1473 2411 1545 bomo
2460 1473 2861 1566 bominem,
2916 1493 3148 1566 quam
3214 1474 3371 1548 l’era
3418 1474 3655 1548 feram
3706 1473 3811 1548 la-

1473 1599 1702 1687 cerat,
1763 1599 1852 1666 ut
1923 1594 2140 1688 plene
2197 1599 2575 1670 ostensum
2638 1599 2753 1667 est
2812 1592 2891 1666 in
2952 1592 3263 1688 inferno,
3330 1593 3459 1668 ubi
3508 1595 3809 1689 punitur

1476 1713 1610 1786 ira.
1661 1713 1874 1786 Nunc
1919 1711 2014 1788 ad
2065 1713 2401 1786 literam:
2452 1712 2625 1786 dicit
2672 1713 2873 1806 quod
2924 1735 3307 1807 nunquam
3358 1722 3575 1809 poeta
3630 1713 3803 1788 vidit

1471 1832 1997 1908 obscuritatem
2047 1832 2359 1906 similem
2412 1832 2561 1925 isti3
2612 1839 2687 1907 et
2738 1833 3266 1908 sententialiter
3322 1834 3481 1907 vult
3534 1835 3803 1926 dicere,

1471 1952 1672 2047 quod
1721 1971 1855 2046 per
1903 1959 2142 2026 totum
2194 1959 2489 2046 tempus
2536 1971 2691 2046 quo
2738 1953 2937 2026 stetit
2968 1951 3045 2026 in
3078 1953 3387 2046 inferno,
3418 1953 3635 2028 cuius
3666 1953 3807 2028 cir-

1467 2074 1616 2148 culi
1671 2080 1847 2146 sunt
1905 2091 2166 2147 omnes
2224 2073 2615 2166 tenebrosi,
2665 2081 2742 2148 et
2802 2093 2941 2168 per
2998 2081 3239 2148 totum
3306 2081 3599 2170 tempus
3656 2093 3807 2168 φο

1469 2193 1666 2268 stetit
1713 2192 1788 2266 in
1837 2192 2114 2266 mundo
2163 2213 2545 2286 nunquam
2597 2193 2775 2266 vidit
2822 2194 3207 2268 tenebram
3242 2193 3555 2268 similem
3608 2191 3797 2267 huic.

1467 2313 1577 2386 Ad
1623 2313 1912 2387 literam
1963 2333 2146 2408 ergo
2189 2313 2363 2387 dicit
2412 2321 2667 2408 poeta:
2704 2318 2909 2405 Baio,
2944 2314 3375 2408 obscuritas,
3414 2315 3805 2408 dinsa-no,

1467 2433 1596 2528 qui
1643 2441 1758 2508 est
1801 2453 2098 2528 semper
2143 2441 2223 2508 et
2270 2433 2551 2528 ubique
2596 2435 2985 2528 obscurus,
3024 2435 3191 2530 plus
3238 2443 3491 2510 tamen
3540 2441 3617 2510 et
3664 2437 3805 2509 mi·

1469 2573 1650 2646 nus;
1707 2553 1902 2627 unde
1949 2553 2046 2628 ibi
2095 2561 2213 2628 est
2258 2554 2513 2628 fumus
2560 2555 2843 2648 paludis
2872 2555 3197 2652 stygialis
3230 2555 3507 2651 frigida
3540 2563 3617 2630 et
3660 2557 3801 2630 bu-

1475 2672 1712 2766 midae,
1763 2673 1860 2746 ibi
1913 2679 2024 2747 est
2070 2673 2327 2746 fumus
2373 2695 2625 2748 arenae
2662 2674 2985 2750 ardentis
3022 2673 3277 2748 calidae
3312 2683 3391 2749 et
3436 2677 3671 2770 sieoe,
3704 2675 3803 2750 ibi

1469 2800 1588 2868 est
1610 2794 1866 2866 fumus
1899 2793 2130 2889 nigrae
2161 2793 2341 2888 picis
2372 2801 2447 2868 et
2476 2801 2935 2890 serpentum,
2958 2795 3055 2869 ibi
3090 2796 3343 2869 fuimus
3368 2803 3475 2870 tot
3498 2796 3801 2894 ignium,

1467 2936 1514 2988 ο
1549 2917 1626 2986 di
1659 2922 1868 3004 noue,
1893 2933 2040 2988 nox
2065 2921 2180 2988 est
2200 2914 2297 2989 de
2326 2933 2411 2990 se
2448 2915 2883 2989 naturaliter
2914 2935 3212 3010 semper
3240 2916 3557 2990 obscura
3586 2937 3807 3012 prop-

1469 3040 1586 3108 ter
1649 3034 2223 3110 subtractionem
2282 3037 2579 3110 luminis
2640 3037 2899 3111 solaris
2952 3044 3031 3111 et
3062 3033 3801 3132 -superinduetionem

1471 3155 1759 3228 umbrae
1835 3161 2078 3248 terrae,
2143 3155 2273 3230 sed
2334 3157 2659 3231 maxime
2708 3157 3005 3251 quando
3080 3177 3227 3231 non
3300 3165 3475 3232 sunt
3538 3159 3801 3255 sydera

1468 3274 1818 3372 fulgentia
1893 3276 2104 3350 coelo.
2175 3275 2347 3351 Ideo
2408 3277 2603 3352 bene
2664 3277 2859 3370 dicit,
2920 3281 3241 3371 privata,
3284 3287 3647 3372 quantum
3712 3281 3805 3354 ad

1464 3402 1846 3491 aspectum
1913 3404 2271 3489 nostrum,
2342 3400 2611 3490 d’oyni
2658 3401 2977 3491 ρι’ωιεω,
3036 3406 3113 3473 et
3182 3398 3555 3494 potissime
3630 3401 3801 3475 luna

1467 3536 1660 3610 quae,
1709 3516 1886 3611 quia
1935 3516 2241 3591 vicinior
2280 3524 2391 3593 est
2422 3524 2667 3611 terren,
2720 3526 3101 3613 tamquam
3135 3520 3325 3593 alter
3372 3521 3479 3594 sol
3532 3521 3803 3595 illumi-

1465 3642 1596 3709 nat
1649 3636 2014 3709 mundum
2075 3637 2170 3711 de
2238 3645 2493 3731 nocte3
2558 3636 2723 3713 ideo
2784 3638 2977 3713 bene
3036 3638 3245 3713 dicit:
3306 3647 3487 3713 sotto
3532 3660 3805 3733 pom-o

1465 3758 1662 3846 cido,
1711 3762 2074 3850 quantum
2127 3757 2203 3829 in
2250 3758 2701 3853 apparentia,
2742 3758 2917 3853 quia
2966 3759 3269 3853 eoetnm,
3302 3760 3499 3854 qnod
3550 3768 3665 3835 est
3692 3760 3805 3835 di-

1467 3875 1830 3950 tissimum
1881 3882 1988 3950 tot
2027 3876 2345 3973 gemmis
2390 3878 2828 3971 lucentibus,
2876 3885 3055 3953 tunc
3102 3878 3394 3953 videtur
3444 3900 3801 3975 paupera-

1465 4000 1628 4069 tum
1677 3996 1977 4091 quando
2016 4004 2325 4093 apparet
2360 3998 2728 4091 privatum
2770 3998 3305 4093 pretiosissimis
3352 4000 3801 4075 ornamentis

1465 4116 1638 4190 suis.
1689 4116 1781 4189 Et
1827 4116 2140 4191 ostendit
2190 4117 2265 4190 in
2312 4138 2663 4212 supremo
2700 4119 2963 4214 gradu,
2996 4119 3283 4193 dicens:
3314 4128 3577 4212 quanto
3614 4142 3801 4194 essa·

1457 4228 1632 4329 μετ’),
1680 4235 1924 4329 aliqua
1979 4256 2125 4310 nox
2177 4237 2497 4311 existens
2538 4238 2843 4332 privata,
2873 4240 2958 4311 di
3000 4244 3217 4313 nmo!
3242 4240 3627 4331 τεκών-αα,
3658 4240 3798 4314 sci—

1467 4356 1657 4450 lieet,
1709 4356 1911 4430 nube
1960 4356 2079 4430 vel
2113 4356 2382 4431 nebula
2414 4356 2867 4451 densissima,
2902 4358 3467 4455 ώσω-ἰθέως
3508 4360 3657 4435 tale
3690 4360 3799 4434 'm-

1461 4496 1692 4571 quam
1743 4476 2044 4570 burum,
2085 4496 2233 4549 non
2273 4478 2425 4571 [ωε
2470 4480 2551 4551 a!
2596 4482 2750 4553 vm
2791 4480 2938 4552 mio
2980 4472 3345 4571 simum
3382 4484 3560 4572 veno,
3594 4482 3797 4573 idest,

1463 4616 1612 4671 non
1661 4596 1762 4671 ita
1797 4597 2066 4673 velavit
2097 4597 2351 4672 videre
2386 4594 2681 4691 meum3
2716 4594 3202 4695 et-‹signanter
3230 4600 3405 4677 dicit
3432 4622 3797 4698 grossum,

1460 4716 1638 4811 quia
1687 4716 1936 4791 velum
1987 4717 2186 4811 quod
2238 4707 2773 4812 supponiturff)
2812 4718 3047 4793 oculis
3094 4720 3279 4794 solet
3326 4740 3491 4795 esse
3536 4720 3799 4796 subtile

1463 4841 1541 4909 et
1595 4836 1781 4929 leve,
1833 4842 1918 4908 ut
1975 4855 2122 4910 non
2179 4836 2907 4932 impediat·totaliter
2966 4838 3244 4933 visum3
3296 4840 3488 4913 istud
3546 4848 3793 4917 autem

1588 5020 1646 5083 (¹)
1676 5022 1740 5073 Β.
1771 5022 1926 5072 debet
1953 5023 2231 5087 dilig-a·
2258 5024 2587 5075 anibi-ure
2617 5030 2673 5074 et
2702 5024 2969 5089 ἔπῃ-ί
2996 5032 3257 5076 natur-

1589 5096 1645 5159 (²)
1677 5096 1738 5147 E.
1769 5097 2102 5163 subfumigat.
2600 5099 2654 5163 (‘)
2684 5100 2737 5151 S.
2768 5105 3157 5165 superponitur.
