4392 6850
1228 862 1505 919 CAN-rus
1552 862 1871 919 nmmos
1916 834 2258 942 ocnvus.
2789 851 2931 919 487

588 1008 723 1085 fuit
782 1009 1017 1106 magis
1072 1008 1413 1083 inimicus
1474 1006 1793 1101 accidiae,
1845 1029 2073 1103 quam
2133 1006 2352 1083 Caius
2414 1006 2680 1103 Cmar,
2743 1009 2931 1083 sicut

588 1136 819 1227 potest
866 1129 1106 1226 colligi
1158 1120 1353 1225 saepe
1386 1148 1481 1204 ex
1514 1128 1709 1203 lulio
1742 1129 1949 1204 Celso
1984 1134 2059 1203 et
2102 1127 2448 1203 Svetonio
2485 1128 2932 1223 Tranquillo,

588 1250 715 1345 qui
764 1250 1017 1325 scribit
1061 1248 1249 1325 libro
1302 1249 1562 1344 primo,
1598 1248 1797 1341 quod
1828 1249 2073 1325 Coesar
2108 1250 2301 1323 ultra
2337 1247 2551 1323 tidem
2604 1254 2765 1323 erat
2801 1270 2934 1344 pa.-

590 1370 773 1447 tiens
804 1369 1098 1464 laboris,
1126 1376 1199 1444 et
1230 1368 1689 1464 longissimas
1722 1369 1877 1443 vias
1910 1368 2308 1453 incredibili
2343 1368 2716 1443 celeritate
2755 1388 2934 1444 con·-

588 1491 777 1585 fecit,
826 1490 1221 1585 aliquando
1284 1494 1585 1565 centum
1636 1490 1973 1565 milliaria
2020 1489 2098 1563 in
2152 1511 2298 1563 una
2349 1489 2503 1583 die3
2555 1496 2629 1564 et
2681 1490 2740 1564 si
2789 1492 2932 1564 ssu-

591 1610 789 1687 mina
838 1610 1333 1703 retardabant,
1384 1608 1737 1684 transibat
1776 1630 1949 1683 cum
1984 1614 2153 1684 utre
2194 1609 2462 1703 inflato,
2500 1609 2597 1684 ita
2641 1614 2722 1683 ut
2755 1630 2930 1684 suos

591 1730 881 1805 nuntios
930 1750 1127 1826 saepe
1174 1729 1631 1826 praeveniret.
1686 1730 1775 1804 Et
1824 1729 2067 1804 subdit
2102 1730 2452 1826 generale
2503 1729 2929 1805 incitamen-

588 1856 749 1925 tum
804 1852 1145 1944 aliorum,
1198 1851 1479 1926 dicens:
1538 1854 1641 1942 912·
1696 1854 1890 1945 altri,
1956 1855 2348 1945 sequentes
2405 1849 2702 1944 primm,
2769 1855 2928 1942 yri-

586 1974 869 2046 davano
918 1993 1283 2065 appresso,
1332 1978 1549 2063 racto,
1598 1979 1813 2063 rasta,
1848 1974 1969 2045 che
2001 1975 2054 2043 'l
2098 1978 2326 2063 tempo
2373 1990 2514 2043 non
2565 1973 2630 2043 si
2670 1974 2926 2063 parda,

588 2113 737 2187 quo
787 2092 962 2166 nihil
1012 2099 1124 2167 est
1170 2092 1441 2185 cariuS,
1480 2114 1619 2185 per
1661 2113 1841 2185 poco
1898 2114 2143 2165 amore
2155 2118 2187 2185 ,-
2239 2097 2314 2166 et
2375 2091 2695 2186 assignat
2751 2112 2930 2165 cau·-

588 2234 741 2287 sam
794 2212 1169 2308 optimam,
1220 2212 1502 2287 dicens:
1566 2206 1691 2286 che*
1749 2215 1979 2286 studio
2038 2214 2115 2285 di
2170 2213 2300 2283 ben
2362 2216 2530 2305 fare
2590 2214 2933 2285 rinverda

588 2336 885 2425 yrazia3
935 2352 1106 2426 quae
1153 2336 1459 2407 aruerat
1526 2337 1825 2427 propter
1880 2331 2254 2422 accidiam,
2319 2351 2488 2426 quae
2549 2336 2662 2405 est
2719 2351 2933 2406 amor

588 2452 1019 2525 diminutuS.

748 2576 809 2647 O
856 2580 1076 2664 yenoe.
1130 2572 1271 2646 Ista
1323 2577 1434 2646 est
1466 2576 1729 2665 quarta
1766 2592 1935 2667 pars
1965 2571 2350 2668 generaliS,
2403 2570 2477 2645 in
2526 2592 2672 2666 qua
2713 2576 2928 2668 poeta

594 2691 986 2767 introducit
1035 2713 1271 2765 unum
1322 2691 1659 2787 spiritum
1714 2691 2151 2765 modernum
2221 2692 2348 2785 qui
2409 2691 2650 2766 fuerat
2717 2690 2927 2766 valde

590 2812 991 2887 accidiosus
1040 2812 1113 2885 in
1166 2812 1349 2905 vita3
1384 2816 1461 2887 et
1494 2811 1731 2906 primo
1765 2811 2136 2907 praemittit
2172 2812 2592 2908 generalem
2623 2832 2929 2907 persua-

589 2934 870 3009 sionem
923 2923 1203 3029 Virgilii'
1247 2932 1339 3007 ad
1390 2932 1551 3007 illos
1608 2932 1899 3027 spiritus
1948 2939 2334 3008 currentes
2383 2938 2458 3007 et
2507 2934 2929 3026 clamantes,

592 3062 675 3127 ut
722 3052 978 3129 reddat
1026 3072 1153 3127 eos
1204 3053 1599 3127 benevolos
1631 3073 1809 3148 erga
1860 3060 2200 3127 autorem
2241 3053 2708 3128 manifestans
2756 3073 2930 3148 gra-

590 3173 765 3247 tiam
816 3172 1221 3247 inauditam
1274 3192 1697 3248 concaesam
1750 3172 1849 3246 illi
1899 3172 2191 3247 viventi.
2229 3172 2412 3246 Dicit
2457 3192 2638 3269 ergo
2687 3172 2929 3267 Virgi-

588 3292 767 3366 lius:
830 3296 891 3367 Ο
926 3299 1129 3384 yeme
1182 3295 1259 3365 in
1312 3294 1425 3365 cui
1479 3296 1765 3385 fervore
1820 3300 2051 3382 acuto,
2122 3290 2324 3383 idest,
2387 3292 2654 3366 ardens
2715 3310 2930 3365 amor

592 3412 859 3488 summi
911 3411 1107 3506 boni,
1156 3415 1515 3507 ricompt‘e,
1564 3412 1771 3507 idest,
1822 3413 2106 3507 supplet
2164 3418 2239 3487 et
2300 3416 2688 3507 restaurat,
2733 3417 2931 3507 forse

588 3537 869 3626 adesso,
918 3533 1124 3628 idest,
1176 3554 1373 3608 nunc
1422 3533 1517 3608 de
1565 3533 1929 3628 praesenti,
1980 3536 2445 3624 ηερὶἱρεηιία,
2481 3533 2684 3624 idest,
2734 3531 2928 3608 acci-

588 3653 807 3747 diam,
859 3675 906 3727 o
950 3657 1265 3746 ίηάιιρίο,
1308 3652 1513 3748 idest,
1552 3674 1863 3747 moram,
1902 3655 2017 3727 vel
2052 3652 2468 3728 tarditatem
2517 3653 2608 3728 ad
2655 3673 2933 3748 cogno·-

592 3772 967 3866 scendum,
1034 3774 1150 3848 vel
1209 3772 1739 3866 acquirendum
1810 3793 2075 3847 verum
2130 3773 2445 3865 bonum3
2507 3773 2925 3847 dilationem

590 3896 772 3988 dico,
825 3915 1047 3968 masso
1094 3896 1193 3967 da
1240 3897 1357 3968 voi
1418 3897 1494 3966 in
1550 3895 1681 3967 ben
1723 3898 1852 3988 sar
1890 3915 2025 3986 per
2082 3897 2470 3986 cepidezza,
2523 3892 2729 3985 idest,
2793 3913 2925 3987 per

588 4014 963 4106 accidiam,
1017 4033 1185 4108 quoe
1234 4019 1345 4088 est
1395 4013 1733 4107 quaedam
1786 4012 2116 4108 tepiditas
2163 4012 2580 4108 pigerrima.
2625 4012 2711 4084 Et
2761 4010 2930 4084 facit

593 4135 1087 4212 narrationem
1122 4154 1295 4208 cum
1330 4133 1698 4229 petitione,
1732 4132 2012 4207 dicens:
2046 4136 2290 4226 questi,
2327 4133 2529 4225 idest,
2565 4131 2682 4206 bic
2717 4137 2926 4225 poeta

592 4277 851 4350 novuS,
902 4257 1023 4329 che
1071 4258 1248 4349 vive,
1303 4255 1596 4346 scilicet,
1648 4254 1719 4326 in
1770 4253 2003 4349 prima
2058 4254 2228 4346 vita,
2281 4253 2354 4327 in
2421 4252 2709 4326 mortali
2761 4271 2929 4324 cor-

589 4395 811 4471 pore3
860 4380 934 4449 et
983 4374 1157 4470 quia
1208 4374 1341 4449 ista
1392 4374 1685 4448 videtur
1733 4393 1852 4447 res
1904 4372 2260 4465 miranda,
2301 4379 2376 4447 et
2425 4391 2572 4446 non
2611 4370 2706 4445 de
2739 4370 2928 4446 facili

590 4495 954 4571 credenda
1024 4496 1271 4568 statim
1338 4494 1748 4589 interponit,
1808 4501 1883 4568 et
1948 4492 2155 4567 dicit:
2220 4515 2258 4565 e
2313 4502 2501 4566 certo
2547 4495 2620 4566 io
2670 4513 2814 4565 non
2864 4497 2934 4566 vi

588 4616 823 4707 humb,
851 4614 1055 4708 idest,
1092 4635 1237 4688 non
1278 4615 1614 4706 mentior,
1648 4617 1813 4686 vuol
1840 4617 2081 4686 andar
2111 4633 2304 4702 susc,
2329 4613 2423 4686 ad
2471 4633 2744 4686 novum
2783 4612 2928 4686 cir-

590 4737 871 4826 culum,
895 4757 1043 4827 pur
1084 4737 1281 4808 che'l
1323 4739 1435 4807 sol
1478 4736 1865 4824 neriluca,
1906 4733 2109 4826 idest,
2144 4731 2550 4807 dummodo
2599 4731 2753 4807 dies
2809 4753 2925 4806 re-

588 4856 796 4949 deat3
832 4876 1005 4928 nam
1040 4856 1133 4929 de
1178 4862 1390 4930 nocte
1425 4876 1567 4928 non
1614 4859 1845 4949 potest
1878 4853 1964 4926 iri
2004 4873 2135 4946 per
2167 4852 2706 4949 purgatorium,
2743 4853 2930 4926 sicut

582 4977 739 5072 jam
802 4977 1064 5051 totiens
1120 4978 1438 5071 positum
1508 4983 1581 5051 et
1639 4973 2049 5069 expositum
2102 4974 2238 5046 fuit
2299 4995 2542 5069 supra.
2606 4974 2692 5046 Et
2753 4975 2929 5068 petit
