4392 6850
1395 913 1536 980 1⁰8
2113 926 2523 982 coMEN‘ruM
2572 927 3009 984 nnneA'ronn

1391 1071 1559 1146 licet
1608 1073 1911 1166 sepulta,
1965 1073 2140 1167 quia
2190 1092 2337 1147 non
2386 1071 2667 1148 abiecta
2723 1073 3043 1168 fuissent,
3078 1076 3153 1146 in
3196 1077 3299 1150 co'
3338 1076 3456 1148 del
3488 1081 3749 1168 ponte,-

1389 1190 1707 1264 ssuminis
1771 1191 1968 1286 quod
2033 1192 2297 1267 dicitur
2360 1193 2595 1288 Calor,
2650 1214 2903 1286 presso
2982 1216 3030 1266 α
3094 1199 3481 1270 Benevento
3493 1220 3524 1288 ,·
3576 1197 3733 1271 haec

1390 1311 1642 1385 civitas
1691 1312 1964 1386 Samnii
2015 1313 2191 1388 olim
2243 1320 2502 1388 vocata
2566 1319 2675 1386 est
2740 1312 3251 1407 Maleventum,
3302 1313 3429 1388 sed
3482 1322 3733 1410 postea

1390 1451 1521 1527 per
1573 1452 1920 1508 romanos
1949 1427 2020 1526 (⁴)
2089 1439 2377 1508 mutato
2436 1433 2735 1508 nomine
2785 1432 2973 1508 dicta
3040 1441 3150 1510 est
3201 1435 3731 1530 Beneventum,

1394 1559 1478 1628 ut
1535 1551 1706 1626 dicit
1775 1553 2068 1649 Livius3
2122 1561 2196 1629 et
2256 1553 2471 1630 dicit:
2530 1562 2709 1628 sotto
2766 1558 2839 1628 la
2902 1559 3215 1647 ,wardia
3278 1559 3464 1630 della
3512 1577 3735 1648 prave

1391 1693 1618 1746 mora.
1662 1673 1743 1746 In
1779 1674 1916 1749 hoc
1951 1675 2183 1771 tangit
2218 1674 2565 1750 miseram
2602 1677 3055 1770 sepulturam
3094 1697 3327 1750 suam.
3371 1676 3479 1750 Ad
3519 1676 3731 1751 cuius

1391 1793 1962 1891 intelligentiam,
2024 1796 2194 1890 quia
2258 1796 2467 1870 litera
2538 1796 2673 1872 ista
2740 1804 2853 1871 est
2916 1799 3111 1872 male
3176 1796 3563 1891 intellecta,
3620 1803 3732 1872 est
3852 1863 3861 1874 .

1391 1913 1791 2008 sciendum,
1845 1915 2042 2010 quod
2089 1915 2503 1990 Manfredus
2550 1915 2623 1989 in
2676 1916 2935 1990 ultimo
2986 1916 3247 2011 proelio
3280 1917 3477 2011 quod
3510 1916 3733 2014 gessit

1389 2054 1560 2110 cum
1616 2037 1878 2111 Carolo
1925 2037 2119 2131 apud
2171 2038 2701 2131 Beneventum,
2736 2037 3068 2112 desertus
3114 2044 3189 2112 et
3238 2037 3631 2112 derelictus
3680 2059 3725 2112 a

1390 2155 1540 2232 suis
1579 2155 1876 2253 ingessit
1927 2179 2006 2233 se
2057 2158 2132 2232 in
2187 2157 2510 2233 medium
2568 2157 2893 2232 furorem
2932 2159 3123 2253 belli,
3156 2159 3349 2234 sicut
3383 2159 3731 2253 scriptum

1388 2284 1499 2356 est
1547 2278 1812 2352 Inferni
1864 2278 2181 2374 capitulo
2234 2279 2541 2352 XXVIII.
2585 2278 2688 2351 Ibi
2718 2269 2791 2370 (²)
2832 2300 3167 2376 pugnans
3201 2279 3525 2376 probiter
3559 2299 3733 2375 pro-

1391 2404 1661 2474 stratus
1703 2399 1858 2494 fuit,
1896 2400 2245 2495 quaesitus
2293 2399 2529 2474 tribus
2582 2399 2837 2475 diebus
2888 2420 3025 2475 nec
3074 2406 3363 2495 poterat
3397 2400 3729 2494 inveniri,

1393 2519 1564 2616 quia
1616 2517 2018 2594 intraverat
2068 2519 2303 2595 aciem
2357 2518 2513 2595 sine
2576 2519 2899 2616 insigniis
2950 2519 3359 2617 regalibus;
3413 2540 3549 2596 nec
3600 2541 3733 2615 po-

1389 2646 1580 2716 terat
1628 2638 1796 2714 sciri
1844 2638 1902 2713 si
1954 2646 2145 2715 esset
2195 2646 2537 2715 mortuus
2589 2640 2703 2715 vel
2753 2648 3033 2736 captuS,
3072 2647 3204 2714 aut
3252 2640 3313 2714 si
3373 2647 3729 2716 evaserat.

1388 2761 1710 2836 Tandem
1763 2780 1960 2834 unus
2028 2757 2350 2834 ribaldus
2409 2759 2502 2834 de
2560 2781 2694 2834 sua
2758 2765 2977 2856 gente
3040 2760 3382 2856 cognovit
3422 2751 3497 2853 (³)
3550 2781 3725 2835 eum

1385 2903 1521 2978 per
1571 2883 1806 2956 multa
1855 2881 2060 2978 signa
2111 2882 2437 2976 corporis
2489 2881 2600 2956 sui
2636 2881 2710 2954 in
2745 2881 2987 2957 medio
3020 2881 3284 2976 campi,
3327 2881 3453 2956 ubi
3487 2882 3731 2957 suerat

1277 3004 1285 3012 '
1387 3003 1630 3078 acrius
1679 3001 2075 3096 proelium;
2125 3007 2201 3075 et
2250 3021 2527 3097 ponens
2579 3001 2821 3076 nobile
2869 3021 3136 3097 corpus
3188 3021 3320 3097 per
3356 3009 3729 3076 transver-

1387 3144 1553 3197 sum
1607 3122 1823 3196 unius
1874 3119 2078 3213 asini,
2149 3121 2488 3196 veniebat
2550 3119 2934 3196 clamando
3000 3141 3173 3196 cum
3243 3121 3724 3197 exultatione:

1384 3242 1446 3318 Ο
1495 3261 1636 3338 ego
1699 3240 1944 3316 inveni
2003 3241 2507 3336 Manfredum3
2560 3240 2687 3315 sed
2753 3261 2948 3316 unus
3006 3241 3188 3315 baro
3256 3241 3493 3316 Caroli
3544 3241 3729 3316 indi-

1385 3383 1618 3461 gnans
1650 3349 1724 3455 (⁴)
1775 3361 2131 3457 percussit
2181 3382 2356 3438 eum
2413 3362 2625 3457 fuste,
2679 3369 2751 3437 et
2792 3383 3059 3459 corpus
3093 3362 3556 3458 praesentavit
3588 3362 3727 3437 Ca-

1391 3486 1571 3561 rolo.
1642 3484 1946 3559 Carolus
2014 3482 2360 3558 continuo
2430 3483 2699 3559 faciens
2767 3484 3013 3559 vocari
3080 3503 3341 3558 omnes
3414 3484 3727 3559 barones

1387 3612 1638 3700 captos
1686 3604 1938 3700 petivit
1987 3604 2046 3679 si
2097 3603 2272 3678 illud
2324 3610 2485 3679 erat
2536 3624 2805 3699 corpus
2852 3603 3235 3679 Manfredi:
3289 3604 3416 3697 qui
3467 3624 3725 3679 omnes

1381 3726 1634 3803 timide
1677 3723 2211 3821 respondebant
2259 3724 2455 3817 quod
2508 3723 2649 3820 sic3
2701 3724 2829 3799 sed
2878 3730 3135 3818 potens
3170 3744 3289 3799 res
3322 3731 3432 3799 est
3464 3745 3717 3819 amor3

1383 3868 1531 3922 non
1582 3847 1790 3922 timet
1847 3851 2238 3941 conspectu
2305 3844 2499 3941 regis
2561 3845 2877 3945 victoris,
2936 3864 3085 3918 non
3146 3866 3357 3919 arma
3410 3844 3719 3919 militum

1381 3967 1730 4061 victricia,
1782 3988 1930 4042 non
1993 3965 2455 4062 supplicium,
2515 3986 2663 4041 non
2722 3986 3126 4060 carcerem,
3180 3987 3327 4041 non
3378 3973 3721 4041 mortem.

1377 4090 1562 4165 Nam
1615 4109 1864 4165 comes
1912 4088 2275 4163 Jordanus
2326 4085 2577 4162 videns
2626 4106 2895 4182 corpus
2944 4086 3166 4163 amati
3212 4086 3406 4182 regis
3442 4087 3712 4163 factum

1381 4210 1694 4285 sortunae
1734 4206 2156 4302 ludibrium,
2195 4207 2537 4282 manibus
2571 4206 2927 4302 percussit
2972 4206 3106 4282 sibi
3144 4206 3430 4302 faciem,
3466 4214 3541 4282 et
3574 4208 3724 4283 cla-

1381 4352 1596 4406 mans
1641 4350 1813 4405 cum
1866 4330 2158 4425 planctu
2210 4328 2418 4402 dixit:
2471 4327 2633 4401 Heu
2670 4326 2869 4422 mihi,
2903 4327 3199 4403 domine
3236 4328 3367 4401 mi!
3402 4328 3577 4423 quid
3614 4334 3724 4403 est

1380 4450 1579 4545 quod
1628 4450 1886 4525 video?
1937 4450 2043 4523 Ex
2080 4469 2230 4543 quo
2265 4448 2399 4521 fuit
2434 4448 2643 4523 valde
2686 4447 3025 4523 laudatus
3056 4467 3101 4523 a
3142 4447 3487 4522 militibus
3522 4448 3718 4522 fran-

1382 4570 1484 4644 cis
1525 4562 1623 4662 (⁸).
1660 4569 1790 4644 Hic
1840 4570 2201 4644 Jordanus
2252 4568 2387 4643 fuit
2437 4568 2549 4641 vir
2602 4567 2859 4644 nobilis
2916 4568 3010 4643 de
3066 4568 3619 4644 Pedemontium
3650 4557 3725 4659 (θ)

1379 4689 1454 4764 in
1501 4689 1962 4784 Lombardia,
1999 4689 2237 4763 affinis
2270 4687 2641 4781 Manli-edi,
2676 4695 3021 4784 acceptus
3054 4694 3131 4762 et
3162 4708 3379 4762 carus
3420 4688 3553 4763 sibi
3590 4709 3726 4764 sua

1376 4810 1736 4906 probitate
1787 4818 1860 4885 et
1911 4810 2275 4886 fidelitate.
2328 4809 2499 4884 Ideo
2551 4808 2963 4884 Manli-edus
3016 4809 3289 4885 fecerat
3340 4809 3541 4885 illum
3596 4832 3724 4886 co—

1504 4996 1561 5061 (¹)
1591 4998 1652 5047 E.
1685 5009 1778 5061 per
1809 4998 2051 5049 rationes.
2240 4997 2293 5061 (’)
2324 4999 2387 5048 E.
2418 4998 2509 5049 ubi
2541 5011 2788 5062 pugnans.
2978 4998 3031 5063 ζ’)
3063 4998 3115 5048 S.
3148 5010 3179 5047 e
3212 4996 3273 5047 E.
3304 4998 3625 5061 recognovit.

1505 5074 1560 5141 (⁸)
1592 5074 1644 5125 S.
1675 5074 1982 5139 indignatus.
2238 5075 2293 5137 (⁸)
2326 5075 2387 5126 Β.
2420 5076 2668 5127 Francia.
2972 5076 3028 5139 (⁸)
3058 5076 3119 5126 E.
3153 5074 3509 5127 Pedemontlo.
