4392 6850
1439 985 1720 1043 umus
1770 987 2102 1055 omnus.
2794 979 2928 1046 ut

581 1131 970 1229 pigrorum
1017 1131 1194 1206 nihil
1241 1131 1553 1227 dixerat,
1591 1133 1754 1210 ideo
1807 1155 2004 1208 nunc
2053 1135 2268 1229 plene
2320 1135 2433 1211 hic
2482 1137 2701 1212 addit.
2754 1137 2940 1214 Dicit

581 1273 771 1349 ergo
821 1253 1258 1329 continuans
1303 1273 1388 1328 se
1433 1254 1526 1328 ad
1579 1254 2112 1350 proecedentia:
2165 1260 2249 1329 Io
2306 1277 2437 1330 era
2494 1249 2620 1349 ,qia
2668 1261 2937 1352 partito

579 1377 684 1449 da
731 1377 932 1467 quel?
957 1375 1223 1466 onnon-e,
1285 1373 1582 1467 scilicet,
1651 1375 1946 1450 illorum
2007 1377 2393 1472 pigrorum
2454 1378 2582 1471 qui
2646 1379 2941 1452 stabant

583 1515 759 1570 cum
823 1493 1151 1588 Bilaqua,
1203 1493 1376 1588 quia
1443 1495 1618 1569 satis
1679 1496 2068 1570 videbatur
2125 1496 2406 1572 dictum
2468 1498 2561 1572 de
2619 1485 2933 1572 materia

587 1621 738 1690 tam
791 1615 937 1709 vili,
999 1637 1038 1688 e
1089 1619 1452 1708 sequitava
1511 1618 1557 1689 t
1581 1637 1780 1689 orme
1837 1620 1953 1690 del
2011 1619 2152 1690 mio
2214 1620 2424 1709 duca,
2476 1618 2751 1694 scilicet
2802 1639 2935 1694 ve-

579 1735 794 1832 stigia
845 1735 1124 1832 Virgilii
1175 1736 1302 1830 qui
1352 1736 1814 1832 praecedebat
1855 1757 1980 1812 me
2011 1758 2336 1832 sursum,
2372 1744 2449 1813 et
2494 1740 2804 1814 vocabat
2834 1739 2931 1814 ad

584 1855 920 1931 altiorem
953 1857 1366 1950 materiam,
1393 1859 1678 1948 quando
1709 1877 1882 1948 una,
1909 1857 2201 1931 illarum
2236 1858 2684 1953 animarum,
2717 1852 2931 1950 yrias)

583 1979 858 2052 ἄνειν-ο
889 1999 939 2050 a
969 1998 1102 2068 me,
1145 1977 1343 2052 'bene
1391 1976 1582 2070 dicit,
1635 1977 1809 2071 quia
1857 1977 2014 2073 ipse
2053 1978 2466 2072 recedebat,
2500 1985 2577 2054 et
2612 1979 2710 2053 illi
2743 1979 2930 2076 pigri

587 2097 1071 2174 remanebant
1117 2097 1192 2170 in
1241 2097 1564 2172 sessione
1593 2115 1774 2192 sua,
1809 2100 2213 2171 drizzando
2244 2102 2301 2172 il
2332 2101 2504 2190 dito,
2538 2099 2931 2174 ostendens

589 2237 714 2292 me
761 2217 940 2312 aliis,
975 2217 1148 2311 quia
1199 2217 1444 2292 nullus
1485 2217 1794 2291 istorum
1829 2217 2072 2292 adhuc
2109 2218 2599 2313 perpenderat
2629 2218 2723 2294 de
2760 2240 2931 2294 um-

583 2339 719 2414 bra
769 2339 952 2433 eiuS,
998 2337 1172 2433 quia
1222 2344 1434 2413 erant
1485 2339 1584 2414 ita
1635 2337 1810 2413 lenti
1861 2345 1936 2414 et
1985 2338 2172 2413 tardi
2219 2340 2469 2415 animo
2520 2340 2713 2417 sicut
2762 2361 2933 2414 cor·-

581 2481 783 2556 pore,
837 2465 913 2534 et
961 2459 1136 2553 quia
1185 2465 1462 2534 attente
1513 2465 1947 2533 notaverant
1989 2458 2228 2554 ipsum
2270 2461 2695 2553 loquentem
2750 2481 2925 2534 cum

583 2579 910 2675 Bilaqua.
963 2579 1051 2654 Et
1099 2599 1274 2654 ecce
1321 2579 1496 2672 quid
1545 2577 1762 2652 dixit:
1821 2581 1944 2668 ve’,
1977 2582 2099 2652 che
2129 2600 2274 2652 non
2297 2601 2445 2672 par
2479 2583 2599 2653 elce
2630 2583 2701 2654 lo
2748 2601 2932 2671 ray-

583 2703 728 2794 9⁸⁶⁰,
781 2699 1056 2774 scilicet
1111 2699 1306 2792 soliS,
1361 2701 1458 2772 da
1519 2701 1835 2789 sinistra,
1888 2699 2093 2792 idest,
2146 2699 2274 2793 qui
2342 2706 2453 2774 eet
2511 2722 2557 2775 a
2614 2700 2927 2793 sinistra,

585 2827 769 2912 luca,
821 2820 1028 2913 idest,
1079 2819 1320 2893 luceat
1369 2819 1442 2892 in
1493 2817 1904 2909 dexteram,
1955 2841 2004 2893 a
2055 2823 2216 2911 quel
2258 2823 2335 2894 di
2380 2828 2585 2913 solta,
2627 2828 2929 2918 propter

589 2944 932 3018 umbram
969 2939 1320 3035 corporiS,
1357 2949 1431 3015 et
1461 2960 1596 3034 per
1629 2961 2088 3034 consequens
2121 2940 2415 3015 videtur
2452 2942 2692 3037 vivus3
2732 2941 2929 3018 unde

581 3064 796 3140 dicit:
857 3084 896 3134 e
954 3082 1146 3134 come
1195 3063 1353 3134 vivo
1394 3081 1540 3152 par
1587 3063 1709 3133 0}oe
1754 3062 1819 3133 εἰ
1877 3063 2219 3152 conduco,
2274 3061 2698 3156 respirando
2760 3068 2924 3157 post

582 3185 848 3260 ducem
914 3203 1158 3256 suum.
1223 3181 1312 3254 Et
1377 3179 1688 3256 ostendit
1752 3186 1966 3276 poeta
2030 3181 2229 3274 quod
2286 3181 2501 3256 valde
2568 3181 2923 3275 placuerit

585 3305 718 3379 sibi
769 3303 1020 3378 videre
1071 3309 1146 3376 et
1193 3301 1476 3396 audire,
1521 3300 1718 3395 quod
1771 3301 2171 3376 haberetur
2224 3302 2297 3375 in
2350 3309 2549 3376 tanta
2600 3302 2927 3377 admira-

581 3428 812 3520 tione3
869 3424 1062 3499 unde
1111 3423 1327 3499 dicit:
1379 3427 1481 3515 qli
1527 3426 1720 3497 occhi
1767 3426 2034 3516 rivolsi,
2075 3443 2253 3497 cum
2306 3424 2555 3499 animo
2608 3425 2798 3518 laeto,
2852 3428 2931 3497 al

581 3568 763 3622 suen
810 3549 886 3621 di
933 3552 1168 3637 questo
1225 3550 1463 3635 mocl0,
1528 3547 1725 3638 quod
1775 3543 2080 3618 cedebat
2145 3543 2221 3617 in
2290 3544 2585 3619 laudem
2656 3564 2929 3637 meam,

583 3690 624 3741 e
671 3670 878 3741 vidile
923 3669 1252 3757 ,quardar
1294 3686 1428 3757 per
1476 3649 1893 3756 meraviylia
1930 3685 2078 3757 pur
2125 3684 2260 3756 me,
2296 3686 2439 3759 pur
2482 3687 2617 3757 me,
2654 3671 2729 3741 et
2764 3665 2930 3738 nul-

583 3790 742 3863 lum
793 3788 1021 3861 alium
1074 3793 1372 3882 propter
1421 3785 1673 3878 vitam,
1707 3807 1746 3857 e
1769 3788 1822 3858 'l
1859 3788 2039 3857 lame
2085 3786 2188 3857 ck’
2214 3806 2347 3857 era
2376 3792 2590 3877 roua,
2632 3793 2930 3881 proptor

583 3910 955 3983 umbram.
1007 3908 1097 3981 Et
1131 3906 1246 3981 hic
1281 3911 1475 3999 nota,
1513 3907 1764 3998 lector,
1801 3904 1998 3999 quod
2041 3905 2233 3980 istud
2270 3906 2697 4001 capitulum,
2732 3906 2930 4001 quod

584 4027 838 4103 multis
889 4026 1178 4102 videtur
1228 4026 1535 4120 clarum,
1575 4024 1793 4099 habet
1825 4026 1899 4099 in
1933 4044 2015 4100 se
2052 4027 2323 4101 multos
2360 4046 2617 4123 passus
2661 4028 2930 4101 obscu-

587 4172 732 4245 roS,
787 4156 872 4222 ut
921 4147 1212 4244 patebit.
1268 4148 1355 4223 Et
1403 4166 1578 4223 ecce
1627 4146 1868 4241 primo
1917 4166 2066 4220 non
2113 4146 2339 4221 debeo
2382 4146 2787 4244 intelligere
2826 4147 2926 4221 ita

588 4272 808 4365 nude,
859 4269 1058 4363 quod
1110 4268 1225 4341 isti
1279 4269 1728 4343 mirarentur
1776 4266 1870 4341 de
1919 4287 2033 4361 e0‚
2086 4267 2286 4361 quod
2336 4274 2549 4363 poeta
2600 4272 2763 4342 erat
2816 4266 2928 4339 vi-

587 4414 748 4487 vuS,
801 4398 877 4466 et
925 4390 1125 4484 quod
1188 4390 1340 4485 ipse
1405 4388 1498 4463 de
1561 4390 1700 4463 hoc
1765 4389 2244 4486 gloriabatur,
2296 4395 2372 4463 et
2436 4388 2778 4485 Virgilius
2834 4387 2929 4461 de

589 4515 726 4589 hoc
760 4510 1120 4607 increpuit
1155 4530 1354 4585 eum.
1384 4510 1502 4583 lsti
1538 4509 1734 4585 enim
1772 4510 2039 4584 merito
2077 4510 2537 4584 mirabantur
2568 4509 2663 4583 de
2694 4508 2927 4582 Dante

590 4634 714 4728 qui
763 4638 929 4709 erat
976 4631 1192 4705 vivus
1239 4630 1430 4705 inter
1479 4636 1588 4704 tot
1649 4636 2005 4723 mortuos,
2059 4630 2231 4724 quia
2296 4636 2468 4705 ante
2528 4636 2819 4724 tempus
2844 4621 2921 4720 (⁴)

589 4752 848 4828 mortis
895 4757 1203 4827 venerat
1249 4751 1344 4824 ad
1395 4750 1908 4847 purgatorium
1963 4750 2055 4824 ad
2105 4749 2637 4825 emendandam
2700 4748 2923 4824 vitam

590 4874 974 4966 vitiosam3
1029 4870 1487 4945 mirabantur
1537 4870 1763 4945 etiam
1816 4870 2011 4964 quod
2063 4876 2225 4945 erat
2274 4868 2557 4966 sapiens
2598 4870 2788 4945 inter
2818 4875 2927 4943 tot

714 5127 770 5191 (¹)
803 5128 865 5177 E.
900 5130 1105 5189 tempus
1136 5132 1362 5177 venerat.
