4392 6850
1287 997 1566 1055 mimus
1613 1000 1930 1058 unctum
1979 1000 2303 1057 munus.
2818 988 2961 1059 35⁵1

621 1142 1002 1219 mortalius
1063 1143 1339 1218 homini
1393 1144 1740 1221 muliere:
1811 1147 1884 1221 in
1937 1146 2084 1223 fine
2143 1150 2669 1225 commendans
2730 1152 2964 1226 Pene-

618 1264 860 1358 lopem
925 1283 1244 1339 uxorem
1314 1262 1586 1361 Ulyxis,
1653 1266 1852 1361 quod
1913 1274 2106 1343 esset
2173 1268 2443 1345 muller
2508 1270 2829 1365 prudens
2888 1276 2965 1345 et

617 1385 916 1482 pudica3
969 1392 1046 1461 et
1093 1385 1302 1461 dicit:
1355 1394 1424 1461 et
1467 1408 1646 1461 anco
1693 1408 1841 1462 non
1887 1392 1946 1463 ε’
1969 1394 2222 1482 amase,
2274 1392 2445 1485 quia
2489 1391 2965 1469 transvolavit

621 1505 808 1580 sicut
845 1505 1102 1601 prima.
1131 1542 1232 1561 --·
1263 1511 1344 1582 0.
1381 1507 1510 1583 Hic
1544 1515 1758 1603 poeta
1790 1509 2132 1585 describit
2169 1511 2458 1586 tertiam
2500 1532 2751 1588 vocem
2796 1531 2963 1607 spo-

620 1623 881 1699 cialem
932 1626 1027 1700 ad
1061 1626 1279 1719 idem,
1315 1646 1482 1721 quoe
1525 1629 1771 1701 sonuit
1804 1630 1962 1723 ipso
2001 1636 2297 1725 petente
2326 1630 2421 1707 de
2461 1632 2763 1707 vocibus
2805 1631 2959 1705 illis.

622 1744 828 1819 Unde
876 1744 1090 1819 dicit:
1141 1748 1308 1819 ἄξεθ’
1332 1749 1430 1839 ἑο,
1481 1747 1579 1821 illi
1630 1747 1968 1845 Virgilioz
2028 1754 2092 1823 0
2125 1754 2389 1843 path-c,
2454 1754 2575 1825 che
2624 1754 2777 1825 voci
2831 1770 2964 1824 son

623 1870 852 1957 queste
871 1870 912 1937 Ρ
967 1874 1044 1941 et
1091 1865 1266 1958 quid
1316 1865 1450 1941 sibi
1514 1867 1828 1941 volunt?
1885 1888 1931 1940 e
1983 1870 2160 1941 com'
2183 1872 2255 1941 io
2318 1872 2708 1962 demandat,
2758 1878 2968 1945 antae-

623 2006 850 2079 quam
905 1984 1247 2082 Virgilius
1299 1987 1792 2082 responderet,
1836 2008 1994 2061 ecco
2058 1991 2132 2062 la
2195 1996 2423 2080 terzo,
2474 1989 2743 2065 scilicet
2794 2008 2965 2083 vox,

623 2122 798 2199 quae
845 2105 1020 2179 fuit:
1059 2112 1290 2181 amate
1321 2110 1422 2181 da
1451 2111 1562 2181 cui
1609 2112 1792 2183 male
1837 2115 2085 2181 acesto.
2127 2108 2283 2183 Hoc
2323 2116 2771 2205 praeceptum
2817 2109 2965 2182 Do-

623 2226 802 2301 mini
852 2226 926 2301 in
976 2227 1372 2324 Evangelio
1420 2228 1676 2303 invitat
1739 2248 1874 2302 nos
1933 2229 2028 2304 ad
2092 2248 2357 2304 verum
2418 2248 2777 2324 amorem,
2836 2230 2965 2323 qui

621 2354 736 2423 est
781 2347 1086 2444 diligere
1134 2348 1355 2423 etiam
1409 2346 1828 2443 inimicum3
1880 2348 2079 2443 quod
2131 2356 2245 2424 est
2276 2349 2729 2425 contrarium
2784 2350 2969 2423 invi.-

625 2470 788 2562 diae,
841 2488 1010 2563 quae
1059 2468 1212 2543 odit
1259 2469 1482 2544 etiam
1533 2470 1880 2543 amicum.
1917 2471 2006 2544 Et
2039 2470 2158 2545 bic
2212 2476 2383 2545 nota
2418 2470 2616 2565 quod
2651 2472 2785 2546 ista
2820 2489 2963 2546 vox

623 2590 842 2665 tertia
894 2589 1306 2665 necessario
1356 2590 1692 2685 sequitur
1739 2590 1832 2666 ad
1885 2590 2307 2685 secundam,
2346 2591 2519 2685 quia
2554 2592 2751 2667 illam
2794 2612 2969 2687 sup-

625 2713 774 2808 plet
821 2717 900 2787 et
945 2710 1247 2806 perficit.
1299 2710 1604 2787 Videtur
1653 2711 1850 2787 enim
1909 2710 2154 2787 dicere
2213 2711 2474 2786 tacite:
2530 2732 2674 2786 non
2726 2714 2965 2787 solum

625 2832 906 2909 debetis
937 2850 1196 2906 amare
1227 2830 1796 2927 benefactorem,
1825 2833 1944 2907 cui
1970 2832 2249 2907 debetis
2282 2852 2613 2908 amorem
2650 2833 2967 2929 dejure,

628 2953 816 3028 sicut
867 2952 1181 3046 Orestes,
1235 2952 1359 3046 qui
1411 2953 1688 3027 amavit
1735 2958 2043 3049 patrem,
2084 2972 2422 3049 uxorem,
2462 2952 2811 3047 amicum,
2846 2974 2969 3028 so·-

629 3092 921 3167 norem3
979 3072 1109 3147 sed
1159 3072 1381 3147 etiam
1435 3072 1814 3149 inimicum
1877 3074 2455 3150 malefacientem
2509 3075 2735 3169 vobiS,
2792 3075 2967 3169 quia

543 3264 558 3282 ,
627 3198 788 3271 haec
837 3202 950 3270 est.
996 3194 1318 3289 perfecta
1368 3194 1650 3268 caritas
1705 3194 1976 3270 Amare
2035 3195 2229 3269 enim
2288 3203 2661 3271 amantem
2712 3202 2789 3271 et
2837 3194 2969 3269 be·-
3096 3192 3116 3213 ⁶

629 3315 1110 3391 nefacientem
1164 3315 1434 3389 faciunt
1483 3313 1704 3391 etiam
1756 3315 1995 3389 bruta.
2023 3354 2124 3369 —
2147 3320 2217 3387 Ε
2240 3318 2293 3388 ’l
2338 3316 2538 3388 buon.
2586 3316 2717 3391 Hic
2752 3323 2968 3411 poeta

627 3435 832 3533 ponit
881 3435 1429 3531 responsionem
1482 3434 1756 3532 Virgilii
1807 3433 1899 3509 ad
1950 3455 2160 3510 suam
2198 3435 2645 3530 petitionem,
2678 3436 2805 3530 qui
2839 3437 2969 3512 de-

627 3557 862 3633 clarat
919 3577 1154 3652 quare
1201 3555 1360 3630 istae
1409 3573 1628 3630 voces
1687 3555 1783 3629 ita
1853 3562 2198 3630 resonent
2260 3573 2485 3650 super
2546 3556 2721 3630 istos
2786 3553 2973 3629 invi-

629 3679 762 3754 dos
809 3679 904 3753 ad
952 3675 1520 3752 admonitionem
1575 3695 1862 3750 eorum.
1916 3675 2122 3751 Unde
2153 3675 2361 3759 dicit:
2400 3679 2532 3750 E’l
2561 3677 2745 3750 buon
2777 3697 2973 3749 mae-

629 3805 780 3874 stro
828 3821 878 3871 a
928 3818 1061 3889 me,
1110 3797 1388 3892 supple,
1443 3795 1848 3891 respondit:
1911 3799 1983 3870 la
2031 3799 2235 3889 colpa
2284 3799 2469 3872 della
2518 3800 2785 3871 invidia
2830 3790 2975 3870 cosi

631 3923 683 3994 Ii
729 3925 997 4015 sserza,
1048 3917 1253 4012 idest,
1287 3917 1385 3991 ita
1425 3917 1769 3992 verberat
1801 3923 1878 3992 et
1909 3917 2211 4014 corrigit
2251 3917 2443 4012 ipsos
2492 3917 2771 3992 invidos
2819 3917 2973 4010 hic,

633 4040 800 4115 ideo
849 4040 1064 4126 dicit:
1117 4061 1158 4112 e
1194 4031 1378 4132 pero
1435 4040 1497 4111 le
1544 4040 1759 4112 corde
1819 4039 2006 4112 della
2063 4043 2295 4134 serza,
2342 4038 2545 4132 idest,
2616 4038 2976 4134 corrigiae,

635 4160 955 4253 scuticae,
1007 4159 1302 4249 scilicet,
1337 4159 1564 4232 verba
1615 4157 1814 4232 vocis
1865 4165 1940 4233 et
1987 4157 2457 4233 correctionis
2498 4157 2975 4252 percutientia

635 4301 786 4374 eOS,
839 4300 1016 4353 sono
1066 4285 1272 4352 tracte
1319 4281 1388 4352 α’
1416 4297 1648 4370 amor,
1690 4277 1986 4369 scilicet,
2027 4277 2367 4352 caritatis.
2415 4277 2587 4350 Vult
2636 4297 2817 4373 ergo
2868 4277 2979 4352 di-

637 4420 830 4494 cere,
902 4397 1100 4492 quod
1167 4398 1298 4472 ista
1367 4397 1595 4472 verba
1654 4404 1825 4472 sunt
1893 4397 2383 4472 dissuadentia
2447 4396 2834 4491 invidiam3
2904 4405 2981 4473 et

639 4520 926 4595 subdit:
988 4522 1058 4593 lo
1102 4522 1268 4613 frcn
1334 4521 1498 4592 vuol
1550 4539 1740 4592 esser
1805 4519 1922 4591 det
1975 4520 2339 4591 contrario
2396 4537 2637 4590 suono.
2702 4518 2873 4590 Vult
2902 4511 2976 4610 (¹)

637 4641 884 4716 dicere
909 4640 1106 4734 quod
1131 4639 1356 4715 verba
1388 4639 1848 4713 rel’raenantia
1883 4635 2228 4712 invidiam
2257 4638 2526 4713 debent
2560 4657 2721 4713 esse
2752 4638 2981 4714 verba

640 4760 1081 4838 continentia
1145 4779 1408 4854 pravos
1466 4757 1772 4834 effectus
1820 4757 2131 4849 invidiae,
2183 4759 2283 4834 ita
2336 4758 2533 4853 quod
2582 4764 2756 4834 sunt
2802 4779 2982 4834 con-

645 4881 870 4959 traria
921 4879 1096 4973 istis,
1145 4900 1314 4973 quae
1362 4878 1734 4953 continent
1783 4877 2088 4953 effectus
2138 4878 2451 4972 amoris;
2500 4883 2577 4953 et
2602 4867 2676 4970 (²)
2732 4886 2982 4952 tamen

769 5149 826 5211 (⁸)
857 5152 964 5207 11⁷,
997 5147 1128 5198 Vult
1155 5161 1284 5212 ergo
1315 5149 1510 5200 dicere.
1880 5147 1938 5212 (¹)
1968 5147 2028 5198 E.
2060 5147 2132 5198 ita
2165 5152 2345 5199 tamen
2372 5147 2511 5212 quod
2542 5147 2655 5196 bue
2686 5151 2739 5196 et
2769 5141 2876 5196 illa.
