4392 6850
1499 943 1640 1012 378
2155 957 2158 960 ’
2214 959 2621 1014 commun
2668 960 3107 1015 punenonn

1494 1103 2022 1198 interpretatur
2071 1123 2241 1198 quae
2290 1124 2513 1178 causa
2564 1101 2800 1198 potuit
2852 1102 3055 1176 illum
3096 1121 3443 1196 movere3
3487 1103 3687 1178 unde
3723 1103 3833 1179 di-

1489 1231 1624 1306 cit:
1677 1251 1714 1302 e
1762 1231 1807 1304 l'
1833 1231 2111 1322 ombra,
2161 1229 2453 1322 scilicet,
2505 1229 2741 1304 Guido
2790 1229 2907 1304 del
2966 1229 3193 1323 Duca,
3245 1231 3363 1302 che
3420 1232 3498 1304 di
3552 1222 3661 1304 σίὸ
3722 1233 3833 1304 di·-

1487 1353 1830 1454 mqndata
1879 1371 2035 1442 era,
2066 1349 2164 1425 ab
2197 1349 2321 1423 illo
2355 1349 2744 1447 Raynerio,
2778 1353 2846 1422 si
2884 1340 3145 1423 sdebitb
3177 1344 3347 1440 cosi,
3380 1349 3584 1443 idest,
3620 1350 3828 1424 solvit

1488 1471 1588 1545 ita
1637 1470 1968 1546 debitum
2017 1469 2486 1545 dubitationis
2512 1462 2627 1562 (¹);
2680 1491 2825 1542 non
2872 1491 2981 1560 sn,
3032 1491 3271 1564 quare
3320 1471 3455 1547 iste
3518 1472 3831 1546 abscon-

1485 1591 1674 1666 derit
1725 1609 1996 1664 nomen
2048 1589 2247 1680 Arni,
2296 1590 2481 1664 *ma
2528 1589 2697 1662 bene
2742 1585 2786 1664 e*
2830 1592 3083 1682 dequo,
3136 1597 3209 1664 et
3248 1591 3561 1686 justum,
3614 1594 3737 1665 che
3784 1593 3835 1666 ’l

1488 1732 1690 1784 nome
1737 1713 1813 1785 di
1859 1713 1962 1784 tal
2017 1713 2221 1800 valle,
2272 1709 2563 1802 scilicet,
2618 1709 2907 1805 riperiae
2961 1709 3139 1783 Arni
3162 1708 3203 1753 *
3222 1701 3319 1803 (²),
3364 1733 3573 1804 pera,
3620 1711 3827 1805 idest,

1491 1836 1762 1926 pereat,
1821 1829 1918 1903 ita
1999 1829 2200 1924 quod
2274 1849 2423 1904 non
2497 1829 2588 1902 sit
2666 1829 2961 1912 mentio,
3006 1830 3101 1906 de
3168 1851 3277 1906 ea.
3322 1871 3423 1886 -
3478 1828 3631 1907 Che.
3704 1830 3833 1906 Hic

1490 1950 1726 2026 Guido
1773 1949 2098 2045 assignat
2149 1969 2453 2024 causam
2488 1949 2604 2024 sui
2644 1948 2851 2045 dicti3
2886 1956 2962 2025 et
2994 1957 3107 2026 est
3154 1955 3305 2025 tam
3356 1951 3567 2027 litera
3600 1971 3831 2046 qnam

1489 2069 1848 2145 sententia
1899 2069 2072 2144 satis
2121 2070 2465 2160 obscura,
2518 2075 2593 2144 et
2640 2070 2801 2143 vult
2848 2070 3095 2145 dicere
3154 2071 3580 2165 summarie,
3635 2071 3833 2165 quod

1489 2190 1565 2264 in
1618 2196 1766 2264 tota
1819 2189 2006 2264 valle
2054 2189 2231 2264 Arni
2280 2211 2323 2263 a
2378 2189 2727 2284 principio
2778 2190 2893 2264 sui
2946 2210 3187 2285 usque
3233 2190 3325 2265 ad
3376 2189 3629 2284 finem,
3664 2197 3834 2266 sunt

1489 2311 1588 2386 ita
1637 2310 1844 2408 pravi
1893 2317 1968 2385 et
2019 2309 2281 2405 vitiosi,
2330 2309 2529 2403 quod
2580 2311 3073 2386 communiter
3135 2311 3424 2408 fugiunt
3484 2312 3830 2386 virtutem

1487 2439 1870 2525 tamquam
1922 2431 2293 2506 inimicam
2346 2452 2585 2505 suam.
2636 2431 2848 2506 Nunc
2896 2431 3157 2507 ordina
3195 2433 3510 2526 literam,
3548 2439 3623 2506 et
3656 2451 3835 2506 con-

1484 2558 1692 2626 strue
1759 2558 1834 2626 et
1893 2550 2128 2646 incipe
2177 2550 2313 2624 ibi:
2364 2552 2483 2625 che
2542 2547 2726 2626 virui
2783 2553 2848 2624 si
2902 2554 3107 2645 fuya,
3158 2551 3369 2645 idest,
3417 2552 3829 2646 expellitur,

1483 2673 1582 2744 da
1631 2673 1802 2760 tutti,
1855 2670 2146 2764 scilicet,
2197 2669 2590 2767 arnigenis,
2617 2691 2754 2763 per
2786 2674 3055 2744 nemica
3096 2692 3287 2745 come
3326 2672 3583 2766 hiscim-
3618 2672 3827 2767 quasi

1485 2792 1698 2885 dicat,
1741 2791 1943 2885 quod
1977 2791 2213 2866 virtus
2264 2798 2375 2866 est
2422 2790 2522 2866 ita
2574 2791 2867 2866 inimica
2906 2792 3251 2868 omnibus
3282 2792 3473 2868 sicut
3504 2812 3827 2887 serpenS,

1489 2934 1658 3007 quae
1707 2920 1817 2987 est
1865 2910 2303 2987 naturaliter
2352 2909 2642 2986 inimica
2694 2912 2992 3006 homini,
3029 2933 3255 3007 quam
3307 2913 3493 3009 sugit
3543 2913 3663 2988 vel
3712 2913 3829 2988 su-

1485 3039 1610 3130 gat
1660 3039 1814 3107 toto
1863 3051 2076 3128 posse
2125 3052 2283 3106 suo.
2346 3033 2432 3104 Et
2496 3031 2730 3106 reddit
2788 3032 3150 3108 rationem
3212 3032 3667 3127 disiunctive,
3718 3031 3827 3106 di-

1483 3173 1682 3246 cenS,
1730 3173 1775 3226 ο
1818 3173 1952 3246 per
1999 3158 2331 3226 svenlura
2378 3153 2495 3224 del
2538 3155 2717 3242 loca,
2750 3151 2957 3246 idest,
2998 3151 3422 3247 infortunio,
3456 3153 3669 3248 quasi
3720 3151 3829 3226 di-

1487 3281 1632 3367 cat,
1699 3273 1816 3347 vel
1867 3269 2242 3348 influentia
2268 3262 2342 3364 (³)
2395 3272 2587 3366 coeli,
2638 3295 2683 3346 ο
2722 3293 2859 3366 per
2908 3275 3057 3348 mal
3105 3295 3259 3365 usa,
3310 3273 3515 3368 idest,
3570 3274 3687 3347 vel
3738 3293 3827 3348 ex

1484 3415 1712 3490 prava
1761 3389 2293 3469 consuetudine
2342 3391 2711 3488 peccandi,
2746 3395 2866 3466 che
2905 3396 2956 3467 li
2988 3396 3235 3487 sruya,
3270 3392 3455 3471 idest
3502 3392 3827 3469 stimulat

1483 3522 1559 3591 et
1609 3514 1910 3609 impellit
1960 3514 2052 3589 ad
2105 3512 2554 3608 peccandum
2599 3514 2815 3608 Juxta
2886 3512 3487 3608 imprecationem
3538 3519 3831 3589 creten-

1483 3637 1699 3731 sium,
1753 3635 1880 3731 qui
1931 3634 2220 3709 dicunt:
2276 3634 2488 3726 vade,
2537 3634 2733 3729 quod
2784 3636 2979 3709 mala
3044 3633 3579 3711 consuetudine
3624 3634 3824 3709 dele·

1482 3758 1722 3833 cteriS.
1774 3758 1864 3830 Et
1913 3756 2150 3851 prima
2202 3776 2371 3850 pars
2420 3760 2535 3829 est
2581 3753 2784 3850 falsa,
2828 3753 3001 3849 quia
3051 3756 3326 3830 coelum
3378 3776 3527 3830 non
3576 3762 3825 3830 movet

1481 3878 1812 3969 animum
1869 3876 2004 3951 nisi
2053 3874 2490 3969 inclinative,
2542 3874 2733 3949 sicut
2792 3884 3009 3970 poeta
3067 3875 3329 3970 probat
3388 3875 3574 3951 infra
3627 3876 3865 3972 capi-'

1480 3998 1637 4073 tulo
1689 3998 1879 4091 xv13
1931 3997 2058 4071 sed
2107 3993 2431 4071 secunda
2480 4002 2591 4069 est
2640 3974 2845 4089 =vera,
2880 4002 2955 4070 et
2986 3995 3079 4069 ad
3128 3995 3510 4072 veritatem
3546 3994 3822 4070 disiun-

1481 4117 1674 4193 ctive
1721 4117 1990 4191 sufficit
2015 4105 2087 4209 (⁴)
2141 4116 2453 4191 alteram
2503 4121 2793 4210 partem
2842 4134 3005 4189 esse
3056 4134 3335 4189 veram.
3396 4115 3607 4189 Nunc
3666 4114 3819 4191 redi

1479 4258 1740 4333 supra:
1793 4244 1868 4313 et
1917 4237 2058 4311 hoc
2116 4235 2281 4310 dico
2346 4234 2446 4331 fit,
2498 4237 2625 4309 dal
2676 4238 3025 4328 principio
3086 4256 3241 4325 sue,
3302 4234 3506 4330 idest,
3556 4256 3601 4310 a
3660 4235 3821 4311 loco

1481 4358 1778 4455 originis
1825 4357 2026 4451 Arni,
2078 4360 2278 4449 dove,
2332 4355 2515 4430 idest
2562 4355 2637 4429 in
2690 4376 2839 4449 quo
2890 4356 3075 4449 loco,
3128 4359 3173 4430 Γ
3200 4358 3509 4448 alpesvo
3566 4363 3819 4446 monte,

1481 4479 1665 4555 idest
1724 4479 2144 4574 Apenninus
2209 4482 2505 4572 portans
2565 4476 2803 4570 Alpes,
2854 4476 2983 4571 qui
3044 4474 3295 4551 dividit
3352 4475 3627 4553 Italiam
3690 4496 3819 4572 per

1483 4599 1834 4693 medium,
1883 4596 1928 4673 e*
1967 4592 2028 4671 si
2069 4618 2369 4692 pre-9220,
2420 4596 2603 4671 idest
2653 4603 3079 4671 tumorosus
3128 4596 3246 4671 vel
3272 4586 3347 4688 (⁸)
3418 4595 3633 4690 altuS,
3692 4618 3819 4671 on-

1479 4722 1550 4794 d’
1573 4717 1616 4794 e*
1658 4728 1902 4793 tronco
1954 4722 2235 4809 PelorO,
2286 4717 2469 4791 idest
2516 4738 2561 4791 a
2626 4736 2777 4810 quo
2825 4717 3203 4811 Apennino
3264 4722 3373 4791 est
3426 4722 3805 4793 truncatus

3614 4860 3815 4873 .-

1606 4938 1662 5001 (¹)
1694 4943 1805 4999 11⁷,
1837 4938 2184 4997 dubitationis,
2219 4938 2411 4988 dicens.

1605 5016 1660 5078 (⁸)
1691 5017 1763 5067 Le
1795 5017 1974 5079 parole
2007 5017 2084 5066 fra
2119 5016 2135 5065 i
2167 5014 2269 5065 due
2302 5014 2567 5064 asterischi
2598 5026 2726 5064 sono
2758 5013 2893 5077 degli
2924 5013 3047 5065 altri
3080 5014 3213 5065 testl.

1607 5090 1660 5157 (⁸)
1695 5096 1802 5153 11⁷,
1836 5092 1920 5144 vel
1951 5092 2016 5143 ab
2045 5092 2332 5143 innuentia.
2598 5088 2655 5153 (⁸)
2684 5089 2737 5141 S.
2770 5089 3003 5141 sufficiet.
3250 5088 3307 5153 (⁸)
3338 5088 3401 5141 Β.
3432 5094 3490 5141 et
3519 5086 3671 5142 altus·
