4392 6850
346 0 850 8 -ὛἼ-Ὗ--Τ--ὴ-Ψ--

1511 991 1791 1047 currus
1841 993 2125 1047 ramus.
2900 981 2995 1051 33

639 1139 1013 1214 Uticenses
1059 1145 1312 1212 autem
1365 1136 1706 1230 quamvis
1755 1137 2044 1212 odirent
2091 1157 2293 1230 eum,
2340 1136 2511 1231 quia
2562 1142 2724 1212 erat
2774 1137 2997 1212 hostis

641 1261 970 1354 casaris,
1023 1259 1357 1334 fecerunt
1407 1257 1506 1330 illi
1541 1257 1966 1351 sepulcrum
2012 1263 2312 1352 propter
2346 1256 2798 1353 singularem
2842 1258 2995 1332 vir-

647 1389 882 1458 tutem
933 1382 1114 1472 eius,
1167 1387 1243 1454 et
1292 1379 1466 1473 quia
1523 1378 1940 1453 munIverat
1991 1378 2362 1453 civitatem
2416 1399 2679 1454 eorum
2740 1379 2995 1453 mirifi-

645 1503 748 1577 cis
799 1502 1166 1597 operibuS,
1202 1507 1278 1574 et
1327 1500 1682 1574 turribus
1722 1500 1998 1574 Catone
2053 1507 2374 1593 mortuo,
2415 1501 2491 1572 L.
2528 1501 2772 1576 Caesar
2826 1521 2993 1596 per-

645 1622 872 1696 suasit
908 1620 1377 1714 uticensibuS,
1403 1621 1560 1716 jam
1591 1641 1724 1714 per
1757 1639 1837 1694 se
1862 1621 2052 1696 bene
2087 1620 2476 1715 persuasis,
2508 1627 2593 1694 ut
2623 1621 2995 1717 aperirent

645 1747 894 1837 portas
941 1739 1234 1834 Caesari,
1288 1739 1461 1834 quia
1512 1739 1606 1814 de
1655 1739 1845 1813 illius
1887 1739 2277 1814 clementia
2314 1741 2630 1813 multum
2676 1741 2996 1816 confide-

646 1862 768 1936 bat
797 1853 870 1952 (¹)
925 1866 1000 1934 et
1049 1860 1422 1954 sperabat:
1475 1860 1629 1955 ipse
1661 1879 1844 1934 vero
1877 1859 2006 1933 ivit
2039 1859 2332 1934 obviam
2370 1860 2661 1953 Caesari,
2697 1867 2772 1933 et
2824 1879 2993 1955 pro·-

647 1982 944 2056 volutus
994 1980 1086 2055 ad
1120 2001 1364 2076 genua
1399 1980 1560 2054 eius
1595 1999 1742 2054 non
1778 1980 2028 2075 petivit
2063 1980 2196 2052 nisi
2236 1979 2493 2073 vitam3
2532 1980 2718 2053 hanc
2754 1980 2997 2053 Caesar

650 2101 1216 2178 clementissime
1248 2101 1609 2176 concessit
1641 2101 1764 2194 illi,
1801 2107 1874 2176 et
1907 2102 2152 2175 Marco
2179 2099 2469 2194 Aquilio
2502 2100 2793 2174 Catonis
2826 2099 2996 2194 filio,

648 2229 728 2298 et
775 2222 932 2297 aliis
982 2222 1142 2296 filiis
1193 2229 1267 2296 et
1315 2221 1546 2296 sociis,
1600 2222 1811 2295 Nunc
1859 2221 1950 2297 ad
2014 2222 2331 2315 literam,
2383 2220 2555 2294 dicit
2605 2221 2994 2318 Virgilius:

643 2343 1010 2436 optimum
1071 2343 1496 2436 exemplum
1571 2342 1789 2415 huius
1858 2342 1966 2416 rei
2032 2343 2395 2417 habemus
2464 2349 2537 2418 te
2606 2343 2995 2436 Catonem3

649 2462 845 2538 uude
915 2461 1145 2536 dicit:
1215 2469 1286 2536 lu
1333 2465 1386 2536 'l
1437 2465 1550 2536 sai
1610 2466 1730 2536 che
1792 2483 1937 2535 non
2001 2466 2052 2536 ti
2105 2469 2186 2557 su
2245 2485 2377 2556 per
2440 2467 2528 2536 lei
2594 2484 2853 2536 amara
2926 2465 2999 2536 la

647 2590 894 2673 morte,
946 2587 1150 2656 tanta
1199 2589 1309 2656 oet
1369 2582 1678 2658 dulcedo
1737 2582 2115 2677 libertatiS,
2179 2582 2377 2677 quod
2438 2603 2582 2657 non
2648 2583 3000 2678 permittit

649 2702 1214 2778 amaritudinem
1269 2703 1526 2777 mortis
1575 2703 1852 2795 sentiri,
1904 2707 1980 2776 in
2036 2707 2255 2794 Utica,
2318 2724 2487 2797 quae
2545 2703 2799 2779 civitas
2860 2704 3001 2799 Ly-

651 2808 790 2898 biae
839 2823 1056 2896 distat
1107 2844 1152 2896 a
1203 2823 1643 2919 Carthagine
1691 2843 1823 2919 per
1873 2822 2168 2916 dietam,
2212 2831 2286 2898 et
2320 2823 2455 2897 fuit
2494 2824 2667 2898 olim
2712 2822 2998 2898 condita

652 2966 697 3019 a
757 2943 1235 3039 phoenicibuS,
1290 2944 1476 3018 sicut
1527 2944 1916 3040 Carthago,
1969 2965 2122 3035 ove,
2172 2943 2379 3037 idest,
2446 2943 2520 3018 in
2572 2965 2719 3038 qua
2776 2944 2999 3036 Utica,

651 3069 933 3139 lassasti
979 3067 1054 3138 la
1105 3071 1310 3155 veste,
1351 3064 1554 3159 idest,
1591 3085 1917 3158 carnem,
1953 3067 2056 3137 αι’
2081 3068 2160 3138 al
2185 3085 2378 3156 yran
2412 3057 2508 3156 di,
2548 3064 2821 3138 scilicet
2865 3085 3000 3138 no-

651 3185 969 3278 vissima,
1019 3175 1198 3257 sard
1230 3177 1290 3257 si
1339 3187 1612 3275 cln'ara,
1657 3185 1830 3278 quia
1881 3184 2152 3258 scilicet
2185 3205 2361 3258 caro
2396 3184 2797 3280 glorificata
2840 3190 3001 3278 post

653 3305 1270 3380 resurrectionem
1336 3305 1476 3379 erit
1545 3305 1808 3398 septies
1881 3303 2147 3378 clarior
2212 3303 2383 3378 sole.
2450 3304 2689 3398 Aliqui
2754 3311 3001 3378 tamen

653 3434 900 3503 textus
948 3427 1222 3501 habent
1269 3448 1470 3521 cara,
1524 3434 1599 3503 et
1648 3437 2027 3521 exponunt
2075 3426 2326 3521 aliqui,
2376 3427 2547 3520 quia
2613 3426 2789 3501 Cato
2852 3424 3003 3519 pri-

655 3549 854 3625 vavit
907 3568 990 3623 se
1051 3554 1308 3641 sponte
1365 3547 1514 3623 vita
1577 3568 1724 3622 non
1791 3547 2124 3623 reinduet
2189 3568 2515 3640 carnem,
2569 3547 2694 3622 sed
2766 3548 3006 3621 trahet

654 3676 816 3766 post
865 3690 967 3764 se,
1019 3668 1209 3743 sicut
1256 3674 1474 3763 poeta
1525 3668 1734 3742 finxit
1781 3669 2046 3743 Inferni
2099 3669 2419 3763 capitulo
2470 3669 2669 3763 X1113
2708 3667 2835 3742 sed
2870 3667 3003 3741 ista

655 3790 864 3865 litera
919 3796 992 3864 et
1041 3788 1396 3883 expositio
1443 3794 1556 3863 est
1605 3788 2043 3863 alienissima
2109 3809 2152 3861 a
2216 3794 2463 3862 mente
2516 3788 2822 3881 autoriS,
2876 3787 3001 3881 qui

657 3910 862 4006 fingit
914 3909 1262 3984 Catonem
1319 3928 1480 3983 esse
1531 3909 1842 4002 salvum,
1889 3928 2031 3981 non
2083 3908 2255 4001 quia
2308 3908 2410 3981 sic
2472 3908 2583 4001 sit,
2637 3928 2773 3983 nec
2826 3908 3000 4001 quia

657 4031 760 4105 sic
793 4030 1081 4123 credat3
1125 4030 1252 4104 sed
1303 4029 1442 4103 sub
1493 4029 1998 4125 integumento
2030 4020 2105 4122 (²)
2144 4029 2361 4101 huius
2402 4029 2658 4103 nobilis
2700 4028 3005 4102 fictionis

655 4150 962 4227 intendit
1026 4150 1243 4224 aliam
1308 4150 1623 4224 nobilem
1687 4150 2149 4243 sententiam,
2214 4154 2295 4221 ut
2358 4148 2531 4225 satis
2596 4150 2795 4223 clare
2845 4149 3001 4243 ,iam

657 4272 961 4367 exposui
1017 4292 1262 4365 supra.
1316 4270 1456 4345 Sed
1505 4270 1700 4345 circa
1752 4271 1963 4344 istam
2019 4277 2338 4344 mortem
2387 4270 2698 4363 CatoniS,
2737 4291 2832 4344 ne
2870 4269 3005 4343 ali-

659 4392 824 4486 quis
877 4392 1114 4465 malus
1163 4411 1377 4466 error
1427 4391 1712 4466 oriatur
1763 4390 2054 4487 legenti,
2109 4395 2219 4465 est
2270 4411 2440 4463 cum
2498 4410 2765 4486 magna
2820 4389 3005 4485 vigi-

659 4512 880 4586 lantia
931 4512 1692 4605 animadvertendum,
1745 4511 1942 4605 quod
1993 4511 2086 4585 de
2136 4510 2272 4584 ista
2334 4517 2573 4585 morte
2622 4510 2815 4605 apud
2868 4530 3007 4583 au-

661 4637 860 4706 tores
919 4631 1238 4706 morales
1295 4634 1530 4707 multa
1596 4632 1864 4727 scripta
1925 4630 2420 4705 inveniuntur.
2492 4629 2749 4704 Cicero
2812 4630 3004 4705 enim

660 4758 1048 4827 contentus
1099 4758 1210 4827 oet
1259 4753 1488 4848 ipsam
1541 4774 1904 4828 excusare
1966 4751 2152 4826 libro
2212 4750 2664 4844 officiorum,
2720 4762 2794 4827 et
2841 4751 3011 4825 dicit

663 4873 864 4968 quod
898 4873 1146 4949 vultus
1199 4874 1486 4971 tyranni
1542 4894 1687 4947 non
1739 4878 1901 4948 erat
1933 4872 2389 4967 aspiciendus
2440 4893 2484 4945 a
2535 4872 2829 4947 Catone.
2868 4872 3005 4946 Sed

1759 5042 1832 5050 ,-

789 5124 844 5187 (¹)
874 5123 928 5175 S.
961 5125 1285 5177 confidebant
1313 5110 1369 5177 et
1400 5128 1690 5190 sperabant.
2069 5124 2126 5187 (¹)
2159 5126 2219 5175 E.
2254 5131 2571 5189 tegumento.

931 5232 1014 5275 111.
2718 5232 2745 5273 8
