4392 6850
1441 961 1536 1029 74
2161 971 2569 1027 coMENTUM
2618 971 3057 1026 PunGA‘ronn

1438 1119 1810 1194 descendit
1855 1117 2269 1193 damnanda
2320 1117 2413 1190 ad
2464 1116 2833 1192 infernum
2886 1117 2961 1190 in
3012 1138 3235 1211 quem
3286 1118 3604 1194 intratur
3653 1141 3787 1216 per

1439 1260 1736 1335 passum
1789 1237 2241 1332 AcherontiS,
2292 1239 2355 1310 si
2402 1240 2752 1327 raccoqlie
2800 1259 3075 1330 sempre
3124 1241 3334 1332 quivi,
3368 1239 3642 1315 scilicet
3692 1241 3785 1316 ad

1439 1367 1732 1457 portum
1787 1361 2003 1435 almae
2055 1357 2283 1451 urbis,
2336 1357 2547 1451 quasi
2598 1358 2790 1435 dicat
2838 1358 3163 1434 breviter
3214 1360 3411 1454 quod
3462 1362 3789 1457 Angelus

1439 1501 1586 1558 non
1638 1482 1907 1580 colligit
1953 1481 2239 1556 animas
2272 1480 2366 1554 ab
2399 1479 2541 1555 alia
2586 1488 2795 1575 parte
2832 1503 3059 1576 quam
3100 1503 3144 1556 a
3186 1483 3575 1559 christiana
3618 1484 3785 1579 fide,

1436 1603 1649 1679 cuius
1697 1609 1810 1678 est
1857 1609 2079 1698 caput
2129 1621 2438 1676 romana
2490 1601 2815 1676 ecclesia.

1586 1729 1678 1797 Et
1720 1728 1811 1798 io,
1864 1725 2002 1796 Ista
2065 1727 2176 1796 est
2243 1729 2509 1814 quarta
2574 1727 2651 1794 et
2719 1720 2975 1795 ultima
3044 1741 3213 1816 pars
3261 1723 3649 1818 generaliS,
3706 1723 3782 1798 in

1438 1867 1588 1941 qua
1633 1850 1848 1940 poeta
1883 1843 2192 1918 ostendit
2229 1842 2602 1936 quomodo
2638 1842 3051 1916 invitaverit
3086 1843 3441 1918 Casellam
3477 1843 3573 1918 ad
3608 1865 3785 1919 can-

1439 1967 1770 2059 tandum,
1806 1971 1882 2039 et
1931 1963 2305 2058 quomodo
2356 1969 2617 2037 cantus
2667 1963 2859 2037 illius
2906 1969 2981 2038 et
3030 1966 3467 2039 auscultatio
3518 1985 3783 2038 eorum

1439 2087 1711 2162 fuerint
1741 2079 1816 2178 (¹)
1868 2083 2273 2158 disturbata
2339 2103 2471 2178 per
2530 2084 2905 2158 Catonem.
2973 2084 3061 2187 Et
3110 2085 3347 2180 primo
3398 2085 3785 2160 exordiens

1435 2205 1730 2281 adiurat
1779 2225 1952 2280 eum
2009 2225 2139 2299 per
2178 2203 2531 2278 beneficia
2573 2205 2967 2299 praeterita,
3005 2212 3089 2278 ut
3128 2205 3223 2278 ita
3268 2225 3465 2280 nunc
3502 2212 3787 2280 recreet

1435 2327 1678 2422 ipsum
1733 2325 2112 2423 fatigatum
2149 2332 2372 2399 cantu
2408 2346 2545 2400 suo
2582 2326 2834 2420 semel,
2870 2325 3058 2400 sicut
3091 2327 3263 2400 olim
3300 2327 3371 2400 in
3408 2327 3553 2401 vita
3592 2349 3787 2424 saepe

1441 2447 1688 2522 facere
1739 2447 2034 2521 solebat.
2093 2445 2299 2520 Unde
2349 2444 2557 2519 dicit:
2594 2453 2660 2519 et
2688 2449 2785 2536 ic,
2838 2447 3093 2542 supple
3142 2446 3289 2520 dixi
3342 2448 3678 2522 Casellae:
3712 2471 3787 2521 se

1439 2588 1676 2642 nuova
1725 2571 1944 2659 leqye,
1993 2566 2265 2642 scilicet
2312 2573 2475 2660 post
2526 2573 2872 2660 mortem,
2905 2587 3049 2639 non
3098 2571 3149 2640 ci
3198 2571 3401 2658 toylie
3440 2571 3782 2641 memoria

1439 2709 1484 2761 o
1532 2707 1686 2778 use,
1741 2685 1946 2780 quasi
1997 2685 2227 2760 dicat:
2282 2686 2339 2759 si
2394 2707 2541 2760 non
2575 2686 2939 2780 perdidisti
2976 2707 3109 2782 per
3144 2695 3458 2762 mortem
3500 2707 3784 2762 memo-

1439 2810 1628 2884 riam
1682 2813 1756 2882 et
1807 2829 2050 2900 usum,
2094 2827 2263 2900 quae
2314 2806 2465 2880 duo
2518 2808 2839 2882 maxime
2892 2815 3332 2883 conservant
3382 2814 3655 2901 artem3
3708 2816 3784 2884 et

1436 2929 1766 3024 loquitur
1816 2927 2415 3020 conditionaliter,
2460 2928 2633 3022 quia
2683 2927 3054 3003 nesciebat
3087 2929 3146 3002 si
3182 2929 3315 3003 iste
3360 2931 3487 3023 qui
3540 2929 3782 3025 perdi-

1437 3051 1647 3125 derat
1697 3069 2002 3145 organa,
2053 3049 2323 3142 quibus
2359 3069 2501 3123 vox
2547 3049 2933 3141 formatur,
2970 3069 3103 3144 ρει·
3146 3057 3487 3144 mortem,
3538 3059 3783 3145 posset

1437 3177 1758 3264 cantare,
1835 3177 1909 3243 et
1991 3170 2196 3243 dicit:
2286 3172 2406 3242 all'
2432 3189 2767 3241 amor-oso
2848 3176 3081 3260 canto,
3158 3170 3333 3263 quia
3416 3172 3783 3266 praecipue

1440 3292 1680 3365 fuerat
1739 3297 2088 3385 expertus
2145 3287 2607 3364 dulcedinem
2668 3297 2925 3363 cantus
2976 3289 3277 3364 Casellae
3333 3289 3405 3364 in
3471 3292 3776 3366 materia

1435 3411 1749 3505 amoris3
1803 3412 1965 3487 ideo
2015 3410 2224 3487 dicit:
2278 3413 2398 3485 che
2448 3414 2545 3483 mi
2598 3413 2791 3484 solea
2847 3417 3093 3504 quetar
3145 3419 3303 3486 tutte
3352 3417 3485 3487 mie
3534 3417 3781 3507 voglio,

1438 3532 1644 3626 idest,
1696 3533 1822 3627 qui
1875 3539 2134 3606 cantus
2183 3532 2464 3607 solebat
2512 3532 2771 3607 sedare
2812 3531 2987 3606 mibi
3040 3534 3409 3627 passiones
3458 3535 3779 3629 amoris3

1437 3663 1512 3729 et
1555 3654 1658 3727 sic
1691 3659 1930 3746 captat
1983 3652 2567 3727 benevolentiam
2602 3652 2676 3725 in
2715 3672 2807 3726 eo
2849 3652 3050 3745 quod
3098 3651 3267 3727 dicit
3311 3654 3509 3726 illum
3560 3654 3781 3730 fuisse

1436 3781 1814 3849 cantorem
1887 3774 2265 3865 eximium,
2336 3773 2749 3847 adiutorem
2820 3773 2931 3845 sui
3002 3772 3324 3865 amoris3
3388 3771 3583 3848 unde
3652 3794 3782 3868 pe-

1434 3895 1565 3967 tit:
1619 3898 1694 3967 di
1740 3886 1873 3985 οἱὸ,
1925 3894 2130 3988 idest,
2181 3893 2275 3967 de
2324 3912 2669 3967 amoroso
2728 3903 2975 3985 cantu,
3020 3896 3072 3967 ci
3107 3896 3413 3986 piaccia,
3456 3894 3783 3988 loquitur

1434 4014 1720 4108 blande,
1773 4018 1848 4088 di
1904 4016 2333 4087 consolarmi
2388 4016 2723 4106 alquanto
2787 4017 2832 4087 Γ
2857 4018 3099 4088 anima
3150 4018 3320 4105 mia,
3372 4037 3541 4108 quae
3606 4036 3782 4091 vere

1435 4134 1710 4230 indiget
1757 4134 2284 4227 consolatione3
2336 4134 2535 4208 unde
2582 4133 2799 4208 dicit:
2852 4136 2973 4207 che
3022 4138 3331 4207 venando
3380 4139 3523 4227 qui,
3576 4136 3780 4231 idest,

1437 4274 1605 4349 quae
1657 4253 1899 4327 anima
1951 4274 2117 4329 mea
2169 4254 2473 4329 veniens
2522 4254 2614 4329 ad
2668 4255 2887 4327 istum
2934 4255 3470 4351 purgatorium,
3526 4277 3658 4329 con
3710 4260 3783 4329 la

1433 4377 1578 4447 mia
1630 4395 1967 4466 persona,
2031 4374 2233 4466 idest,
2318 4394 2543 4449 carne
2611 4376 2958 4470 humana,
3026 4372 3069 4448 e*
3128 4380 3503 4469 affannata
3562 4383 3780 4466 tanlO,

1437 4496 1654 4569 simul
1704 4516 1877 4569 cum
1930 4516 2245 4590 corpore
2300 4516 2433 4591 per
2502 4502 2605 4570 tot
2669 4515 2926 4590 aspera
2995 4496 3177 4591 loca,
3230 4518 3363 4592 per
3412 4504 3779 4574 tormenta

1435 4634 1846 4710 poenarum.
1899 4617 1987 4689 Et
2035 4618 2152 4692 hic
2207 4622 2375 4691 nota
2428 4617 2625 4710 quod
2690 4626 2903 4712 poeta
2972 4626 3219 4693 noster
3280 4619 3375 4694 de
3422 4620 3777 4695 industria

1439 4734 1641 4830 fingit
1691 4737 1888 4829 quod
1941 4744 2140 4832 petat
2188 4738 2743 4812 delectationem
2797 4744 3055 4811 cantus
3104 4738 3196 4811 ad
3250 4740 3777 4815 relevationem

1438 4874 1742 4929 suarum
1799 4877 2179 4951 curarum,
2235 4857 2407 4950 quia
2456 4856 2551 4931 de
2602 4856 2708 4931 rei
2760 4857 3071 4931 veritate
3120 4878 3414 4933 summe
3460 4859 3782 4935 delecta-

1563 5106 1620 5170 (')
1651 5108 1704 5159 S.
1735 5108 1966 5159 fuerunt.
