4392 6850
1447 945 1586 1012 116
2167 955 2574 1011 commu
2624 956 3061 1011 runuuonn

1442 1109 1568 1176 tur
1639 1101 1713 1174 in
1787 1099 2174 1176 duodecim
2242 1099 2472 1196 signa,
2530 1107 2606 1176 et
2664 1100 3039 1195 quodlibet
3092 1099 3385 1200 signum
3420 1096 3493 1194 (¹)
3564 1101 3791 1178 habet

1442 1220 1734 1318 triginta
1792 1219 2088 1318 graduS,
2123 1225 2201 1296 et
2248 1221 2351 1296 sic
2416 1227 2611 1296 totus
2676 1221 3019 1297 zodiacus
3084 1221 3492 1298 secundum
3544 1229 3785 1297 astro-

1443 1343 1645 1438 logos
1703 1340 2023 1416 continet
2071 1339 2347 1437 gradus
2400 1347 2813 1417 tercentum
2866 1342 3293 1440 sexaginta3
3346 1350 3423 1418 et
3474 1364 3619 1417 non
3669 1342 3787 1416 in—

1439 1461 1720 1558 telligas
1769 1460 1862 1536 de
1909 1467 2119 1535 motu
2177 1461 2477 1557 proprio
2532 1463 2725 1558 sotis,
2778 1462 2953 1557 quia
3002 1465 3111 1538 sol
3170 1469 3313 1538 stat
3362 1483 3494 1559 per
3544 1483 3791 1537 unum

1441 1602 1768 1658 mensem
1821 1581 1894 1654 in
1921 1573 1996 1674 (²)
2051 1603 2203 1656 nno
2254 1582 2484 1679 signu,
2536 1584 2660 1658 sed
2723 1582 2817 1659 de
2868 1589 3079 1658 motu
3128 1583 3573 1659 firmamenti
3622 1583 3789 1658 vio-¹·

1437 1703 1657 1778 lento.
1693 1701 1898 1776 Unde
1949 1708 2128 1806 nota·
2163 1702 2361 1796 quod
2402 1703 2952 1778 firmamentum
2991 1709 3334 1779 movetur
3366 1705 3461 1778 ab
3495 1703 3785 1779 oriente

1436 1823 1516 1898 in
1555 1822 2006 1898 occidentem
2043 1843 2182 1897 suo
2218 1830 2427 1898 motu
2464 1824 2801 1918 naturali,
2834 1830 2912 1900 et
2950 1825 3170 1901 trahit
3214 1843 3467 1900 secum
3520 1843 3787 1900 omnes

1439 1965 1688 2040 speras
1765 1944 2222 2037 planetarum
2298 1943 2371 2018 in
2448 1965 2596 2019 una
2680 1945 2799 2020 die
2874 1945 3221 2038 natur-aii,
3300 1945 3632 2020 videlicet
3706 1944 3782 2018 in

1439 2065 1691 2162 viginti
1741 2069 2060 2158 quatuor
2123 2063 2359 2157 horis3
2419 2065 2545 2140 sed
2611 2067 2719 2140 sol
2778 2071 2854 2140 et
2928 2065 3173 2141 caeteri
3248 2067 3557 2161 planetae
3616 2085 3781 2140 mo-

1438 2192 1706 2260 ventur
1758 2191 1962 2258 motu
2015 2184 2311 2279 proprio
2360 2193 2617 2259 contra
2670 2185 3247 2261 firmamentum.
3308 2185 3583 2260 Accidit
3644 2185 3781 2282 igi-

1439 2312 1563 2380 tur
1611 2305 1704 2380 de
1751 2305 1904 2378 sole
1955 2303 2143 2378 sicut
2191 2303 2287 2379 de
2334 2305 2639 2380 formica
2675 2327 2898 2401 supra
2944 2313 3128 2400 rota,
3165 2326 3335 2401 quae
3386 2313 3783 2382 moveatur

1439 2433 1643 2501 motu
1717 2425 2087 2500 contrario
2147 2425 2381 2499 motui
2444 2433 2649 2522 rotae,
2710 2426 2811 2502 ita
2871 2426 3067 2521 quod
3130 2436 3291 2502 rota
3352 2427 3520 2504 facit
3584 2449 3781 2524 saepe

1436 2555 1664 2622 totam
1721 2546 2255 2623 revolutionem
2310 2567 2522 2622 suam
2576 2555 2975 2642 antequam
3030 2548 3335 2624 formica
3389 2557 3781 2645 percurrat

1435 2690 1671 2744 unum
1723 2668 2016 2742 clavum
2069 2673 2273 2741 rotae.
2316 2667 2437 2742 Sol
2491 2689 2672 2764 ergo
2720 2675 3063 2744 movetur
3100 2669 3173 2743 in
3206 2690 3345 2744 suo
3382 2671 3613 2767 signo,
3648 2671 3773 2746 sed

1437 2788 1781 2866 velociter
1833 2790 2110 2862 tractus
2158 2806 2205 2862 a
2256 2786 2725 2864 firmamento
2776 2789 3038 2864 circuit
3090 2796 3325 2865 totum
3376 2792 3647 2866 coelum
3700 2791 3775 2866 in

1437 2933 1581 2987 una
1633 2910 1768 2985 die.
1822 2908 2008 2984 Dicit
2058 2929 2241 3004 ergo
2295 2919 2554 3004 poeta:
2606 2917 2675 2984 ec
2698 2912 2771 2984 io
2803 2931 2949 2984 non
2997 2914 3243 2985 m'era
3290 2921 3599 3004 accorto,
3636 2912 3777 2987 sci»—

1433 3031 1600 3106 licet
1649 3031 1739 3105 de
1791 3036 1994 3103 tanto
2045 3049 2351 3103 ascensu
2404 3030 2596 3124 solis,
2640 3035 2923 3123 quando
2970 3035 3339 3126 minema,
3372 3033 3464 3108 ad
3500 3034 3773 3128 locum,

1432 3155 1609 3226 dove
1658 3154 1874 3244 quelle
1907 3152 2138 3223 anime
2169 3151 2272 3222 ad
2302 3170 2475 3242 una,
2509 3149 2714 3244 idest,
2752 3151 2995 3246 simul,
3028 3155 3334 3244 yridaro
3374 3175 3423 3225 a
3462 3157 3585 3228 noi
3600 3179 3625 3228 .·
3658 3157 3776 3246 qm·

1432 3268 1475 3346 e*
1521 3278 1758 3344 vostro
1806 3271 2167 3361 dimandO,
2232 3269 2441 3364 quasi
2502 3270 2741 3345 dicat:
2803 3273 2942 3346 hac
3002 3271 3282 3349 debetis
3340 3275 3637 3349 intrare.
3676 3313 3775 3330 -

1433 3393 1826 3483 Mayyiore.
1880 3390 2012 3465 Hic
2061 3395 2281 3485 poeta
2339 3388 2681 3467 describit
2732 3390 3109 3469 introitum
3162 3393 3429 3468 montis
3478 3401 3767 3470 arctum

1431 3519 1508 3589 et
1555 3532 1901 3607 asperum
1953 3532 2084 3606 per
2148 3531 2377 3586 unam
2442 3511 3069 3607 comparationem
3134 3512 3611 3589 domesticam
3680 3515 3775 3591 de

1432 3635 1621 3711 vado
1670 3644 1874 3710 arcto
1925 3638 2000 3708 et
2047 3652 2311 3727 aspero
2375 3632 2628 3727 vineae,
2682 3633 2881 3727 quod
2938 3633 3206 3708 vinitor
3267 3634 3540 3711 claudit
3598 3656 3770 3711 cum

1430 3754 1682 3851 paucis
1732 3753 1971 3849 spiniS‚
2025 3753 2321 3847 quando
2370 3773 2517 3827 uva
2570 3752 2815 3848 incipit
2866 3755 3264 3850 maturari3
3316 3755 3513 3829 unde
3561 3756 3770 3831 dicit:

1430 3878 1475 3948 τ’
1499 3896 1662 3950 uom
1723 3876 1906 3948 della
1975 3876 2178 3964 villa,
2246 3880 2495 3948 custos
2563 3875 2680 3948 vel
2752 3875 2995 3948 cultor
3061 3871 3326 3971 vineae,
3398 3879 3769 3970 mmm,

1428 3996 1636 4091 idest,
1689 3995 2031 4089 inspinat;
2087 4014 2256 4068 nam
2293 4014 2579 4089 prunus
2612 4000 2723 4069 est
2754 3994 2981 4069 arbor
3013 3994 3323 4090 spinosa,
3358 4000 3565 4070 molto
3596 4000 3771 4071 volte

1427 4138 1563 4191 con
1608 4138 1754 4190 una
1797 4117 2168 4210 forcatella
2218 4116 2295 4188 di
2338 4134 2461 4187 me
2505 4118 2726 4208 spitze,
2776 4115 2982 4211 idest,
3033 4136 3210 4191 cum
3260 4118 3593 4213 pauculis
3624 4118 3771 4213 spi-

1429 4238 1562 4333 nis,
1597 4257 1780 4332 quas
1814 4235 2036 4331 coepit
2067 4254 2243 4309 cum
2280 4235 2591 4329 furcula,
2627 4238 2911 4327 quando
2946 4239 3149 4309 luva
3180 4238 3532 4330 imbrum,
3560 4238 3768 4333 idest,

1431 4356 1877 4450 maturescit,
1929 4356 2103 4450 quia
2157 4354 2229 4429 in
2280 4376 2427 4431 uva
2479 4355 2686 4452 nigra
2738 4354 2951 4431 citius
2998 4363 3303 4452 apparet
3358 4358 3766 4455 maturitas,

1428 4484 1503 4553 et
1553 4477 1714 4551 talis
1765 4477 2080 4551 habetur
2130 4476 2625 4551 communiter
2674 4476 3079 4571 Florentiae,
3120 4480 3451 4571 mayyior
3490 4486 3766 4572 aperta,

1429 4597 1633 4689 idest,
1685 4596 1958 4672 vadum
2013 4596 2255 4691 latius,
2304 4598 2424 4669 che
2482 4616 2626 4669 non
2688 4616 2819 4669 era
2878 4599 2951 4671 lo
3010 4600 3212 4689 calte,
3264 4598 3467 4693 idest,
3518 4599 3769 4675 stricta

1429 4715 1712 4811 semita,
1758 4720 1940 4791 onde
1985 4720 2209 4790 satine
2242 4718 2313 4790 lo
2350 4719 2531 4791 duca
2580 4720 2747 4807 mio,
2798 4716 2979 4792 idest
3032 4716 3370 4815 Virgilius
3408 4720 3536 4813 qui
3572 4740 3771 4796 sem-

1427 4856 1559 4931 per
1610 4836 2087 4931 praecedebat‚
2151 4842 2219 4908 et
2278 4838 2351 4909 io
2412 4856 2758 4929 appresso
2816 4840 2977 4928 soli,
3040 4838 3214 4933 quia
3282 4840 3445 4913 aliae
3498 4840 3765 4915 animae

1551 5086 1608 5147 (¹)
1637 5087 1699 5137 E.
1733 5086 2020 5151 signorum.
2552 5088 2607 5155 (⁸)
2640 5092 2702 5142 E.
2732 5092 2786 5142 in
2816 5094 3052 5158 quolibet
3080 5094 3245 5159 siguo.
