4392 6850
1220 925 1497 983 CANTUS
1546 926 1865 983 nncums
1910 927 2254 983 OCTAVUS·
2771 916 2914 982 475

571 1094 823 1166 prava.
877 1074 1019 1149 Per
1070 1072 1211 1147 boc
1256 1079 1511 1148 autem
1564 1072 1687 1147 dat
1736 1074 2058 1170 intelligi,
2094 1074 2294 1167 quod
2327 1073 2745 1169 aliquandiu
2785 1074 2917 1151 de-

572 1192 909 1269 liberavit
956 1213 1129 1268 cum
1186 1192 1473 1268 ratione
1520 1192 1577 1267 si
1628 1194 1801 1269 satis
1848 1193 1945 1268 ad
1978 1195 2276 1290 plenum
2313 1194 2590 1269 dictum
2629 1201 2791 1269 erat
2823 1194 2918 1269 de

574 1316 878 1390 materia
929 1314 1227 1407 amoriS,
1280 1323 1355 1389 et
1405 1314 1792 1391 videbatur
1842 1315 2042 1410 quod
2092 1336 2262 1390 non.
2308 1316 2398 1389 Et
2448 1315 2689 1389 subdit
2723 1335 2916 1408 quo-

574 1434 793 1511 modo
841 1435 1183 1531 Virgilius
1232 1434 1563 1531 praestitit
1592 1433 1727 1509 sibi
1764 1434 2235 1511 securitatem
2271 1434 2584 1530 petendi,
2625 1433 2910 1509 dicens:

574 1575 693 1627 ma
740 1557 899 1646 quel
920 1556 1161 1647 padre
1198 1576 1471 1647 verace,
1506 1554 1799 1650 scilicet,
1834 1554 2197 1651 Virgilius,
2234 1558 2354 1629 che
2399 1558 2458 1628 ε’
2483 1576 2768 1629 accorsc
2798 1556 2917 1629 dcl

576 1678 811 1749 timdo
858 1678 1053 1749 volcr
1099 1677 1221 1749 che
1266 1696 1413 1749 mm
1460 1676 1802 1769 ςἀρήυα,
1853 1673 1945 1749 ad
1996 1676 2525 1770 propalandum
2579 1674 2912 1769 dubium,

566 1796 954 1887 pas-lando,
988 1796 1063 1868 dt
1086 1796 1353 1888 parler
1400 1796 1611 1868 ard&
1658 1796 1757 1869 mi
1792 1814 2030 1887 porse.
2066 1792 2255 1881 Quia
2295 1793 2512 1868 dixit:
2553 1800 2724 1887 pete
2771 1814 2916 1867 au-

574 1916 823 1993 dacter
872 1914 1071 2009 quod
1118 1914 1535 2011 concepisti.
1562 1954 1663 1971 —-
1696 1916 1876 1989 Ond'
1898 1917 1990 1989 to.
2035 1914 2166 1989 Hic
2217 1922 2430 2010 poeta
2483 1914 2683 2010 ponit
2731 1913 2918 2009 peti-

578 2036 846 2111 tionem
882 2056 1130 2129 suam3
1180 2041 1255 2109 et
1307 2034 1545 2130 primo
1594 2041 1835 2129 captat
1876 2033 2466 2109 benevolentiam
2519 2041 2604 2108 ut
2658 2032 2914 2109 reddat

574 2175 749 2231 eum
776 2154 1011 2251 magis
1036 2160 1460 2249 promptum
1486 2154 1580 2229 ad
1606 2153 1931 2249 dicenda,
1958 2154 2486 2229 commendans
2521 2174 2692 2247 quae
2724 2153 2910 2229 dicta

575 2282 762 2351 sunt.
814 2273 1023 2351 Unde
1069 2274 1277 2349 dicit:
1323 2277 1625 2367 ond’io,
1676 2276 1935 2371 supple
1982 2274 2204 2370 petivi
2255 2282 2330 2349 et
2378 2274 2566 2349 dixi:
2621 2296 2666 2348 o
2719 2294 2916 2347 mac-

572 2404 748 2487 stro,
796 2396 1091 2490 scilicet,
1128 2396 1417 2492 Virgili:
1462 2394 1809 2470 continuo
1859 2396 2280 2471 accumulat
2315 2396 2476 2471 eius
2511 2397 2911 2490 honorem3

575 2517 811 2613 primo
862 2518 1059 2592 enim
1110 2522 1505 2591 vocaverat
1543 2535 1718 2589 eum
1764 2514 2141 2590 doctorem
2177 2517 2436 2610 altum,
2474 2515 2734 2590 deinde
2783 2536 2918 2609 pa-

576 2642 763 2711 trem
819 2658 1109 2731 verum,
1148 2657 1345 2711 nunc
1392 2636 1611 2711 tertio
1660 2634 2135 2733 magistrum3
2186 2639 2244 2708 il
2289 2638 2429 2708 mio
2481 2638 2672 2709 voler-
2719 2634 2918 2708 s’av-

578 2760 764 2848 viva,
814 2756 1019 2851 idest,
1073 2756 1477 2853 vigor-atur,
1528 2749 1589 2829 si
1636 2758 1755 2829 net
1806 2763 1923 2829 tuo
1983 2758 2189 2847 lame,
2251 2756 2455 2851 idest,
2507 2757 2708 2830 claro
2759 2757 2919 2831 elo-

578 2876 775 2971 quio,
808 2878 911 2949 ch'
927 2880 999 2951 io
1028 2880 1351 2951 discerno
1382 2878 1653 2967 chiaro,
1687 2875 1845 2953 sine
1894 2875 2093 2950 nube
2126 2874 2617 2970 dubitationiS,
2653 2883 2916 2967 quanto

576 3000 649 3071 la
684 3004 805 3071 tua
835 3001 1122 3090 ramon,
1158 2992 1301 3093 per'
1324 2996 1698 3072 scientiam
1736 2996 2147 3071 naturalem
2194 3002 2270 3070 et
2311 2998 2696 3089 moralem,
2719 3000 2916 3089 porei

575 3139 620 3191 o
648 3121 997 3209 desmva,
1032 3118 1227 3193 circa
1260 3116 1787 3192 distinctionem
1824 3115 2099 3191 amoris
2134 3136 2266 3211 per
2304 3123 2376 3191 te
2413 3117 2714 3209 factam3
2739 3108 2918 3209 pero

574 3244 625 3315 a·
666 3260 917 3333 prcqo,
966 3240 1165 3313 dolce
1198 3242 1437 3331 padre
1484 3258 1683 3328 carc,
1720 3237 1984 3312 blande
2033 3236 2360 3331 loquitur
2396 3257 2490 3312 ne
2533 3248 2912 3333 gravetur,

572 3364 692 3435 che
742 3363 841 3434 mi
886 3362 1234 3452 divnostri,
1286 3358 1491 3454 idest,
1544 3358 1875 3452 diffiniaS,
1922 3378 2167 3432 amore
2196 3351 2302 3452 (⁴),
2341 3356 2516 3452 quid
2555 3357 2648 3432 sit
2679 3378 2914 3455 amor,

576 3503 625 3554 α
674 3485 809 3574 cui,
848 3481 1056 3575 idest,
1092 3480 1185 3555 ad
1236 3501 1457 3576 quem
1512 3499 1872 3573 amorem,
1912 3481 2165 3572 n'duci,
2201 3499 2334 3574 per
2381 3478 2914 3554 distinctionem

576 3624 803 3699 quam
854 3623 1093 3698 nuper
1143 3601 1390 3695 fecisti,
1438 3601 1606 3692 oqui
1650 3601 1879 3673 buono
1928 3621 2234 3692 operare
2277 3621 2316 3672 c
2354 3601 2408 3673 'l
2451 3621 2580 3672 sao
2629 3606 2918 3674 contra-

574 3745 689 3817 ro,
738 3723 946 3818 idest,
998 3723 1193 3797 male
1242 3720 1579 3816 operari:
1632 3727 1708 3795 et
1756 3720 1861 3796 sic
1910 3720 2075 3796 vide
2133 3720 2333 3814 quod
2393 3726 2608 3816 poeta
2661 3739 2918 3794 neces-

575 3845 770 3920 sario
818 3843 985 3918 facit
1034 3844 1152 3916 hic
1202 3841 1415 3916 istam
1467 3841 1887 3937 petitionem
1948 3840 2044 3915 ad
2104 3839 2464 3916 maiorem
2525 3838 2916 3935 perfectio·-

576 3985 746 4040 nem
788 3964 905 4040 sui
946 3968 1319 4056 tractatu&
1355 3983 1452 4036 ne
1482 3961 1861 4036 videretur
1893 3959 2292 4056 procedere
2325 3980 2458 4054 per
2499 3959 2767 4055 ignota.
2805 3957 2910 4034 Ex

576 4083 781 4159 dictis
830 4083 1026 4158 enim
1086 4081 1276 4157 bene
1340 4081 1719 4156 constabat
1782 4079 2101 4174 qualiter
2162 4098 2378 4152 amor
2437 4085 2631 4153 esset
2687 4097 2910 4154 causa

576 4203 811 4278 omnis
860 4203 1031 4278 boni
1082 4209 1157 4277 et
1206 4202 1401 4295 mali,
1452 4199 1579 4276 sed
1648 4219 1793 4275 non
1850 4198 2254 4294 apparebat
2313 4217 2482 4291 quae
2549 4217 2670 4272 τω
2719 4204 2912 4272 esset

574 4345 806 4399 amor.
834 4363 935 4380 —-
958 4327 1257 4396 Drizza.
1310 4322 1440 4396 liic
1500 4327 1713 4415 poeta
1770 4318 1973 4415 ponit
2034 4317 2584 4413 responsionem
2633 4313 2910 4412 Virgilii

574 4445 667 4520 ad
705 4465 917 4520 suam
954 4443 1396 4540 petitionem,
1438 4440 1565 4536 qui
1616 4439 1855 4535 primo
1906 4437 2139 4514 reddit
2190 4458 2366 4512 eum
2417 4442 2781 4510 attentum
2813 4435 2912 4514 ad

573 4563 875 4640 dicenda
904 4553 979 4656 (¹)
1034 4561 1423 4637 ostendens
1472 4559 1975 4636 difficultatem
2040 4556 2390 4632 materiae.
2444 4555 2650 4630 Unde
2700 4553 2910 4632 dicit:
2977 4607 2984 4614 -

574 4703 755 4781 ergo
805 4682 927 4758 ille
976 4681 1336 4779 Virgilius,
1389 4683 1607 4754 disse.-
1654 4681 1915 4752 ἀνέτω
1966 4673 2089 4752 ver
2132 4697 2244 4750 me
2275 4679 2336 4750 le
2368 4681 2563 4750 acute
2594 4677 2730 4748 luci
2767 4675 2916 4750 dcl-

578 4806 989 4896 catenato,
1046 4801 1233 4876 idest
1280 4801 1581 4876 subtiles
1630 4800 1883 4876 oculos
1934 4797 2480 4890 intellectualeS,
2513 4818 2553 4870 c
2578 4798 2724 4889 fieti
2761 4815 2917 4870 ma·-

704 5063 759 5128 (¹)
792 5063 855 5115 E.
888 5077 1075 5121 amore,
1110 5063 1241 5114 idest
1268 5063 1409 5128 quid.
1905 5057 1961 5122 (⁸)
1992 5057 2053 5109 Β.
2083 5057 2148 5108 ad
2178 5056 2477 5108 dicendum
