4392 6850
1535 956 1811 1011 CANTus
1860 956 2148 1012 munus
2924 946 3016 1011 27

666 1090 810 1172 cosi
854 1105 1082 1172 roae?
1113 1098 1385 1174 scilieet
1417 1119 1551 1194 per
1584 1120 1740 1196 voS,
1777 1101 1976 1196 quod
2011 1108 2120 1176 est
2161 1101 2625 1198 impossibile,
2660 1123 2705 1174 o
2752 1095 2825 1174 ἑο
2864 1123 3022 1175 mu-

667 1225 809 1292 tato
857 1223 934 1292 in
981 1222 1110 1292 ciel
1153 1241 1339 1294 novo
1371 1223 1730 1314 consiylw,
1767 1220 1970 1316 idest,
2013 1244 2110 1298 an
2161 1224 2302 1298 hoc
2337 1228 2447 1297 est
2482 1223 2845 1297 indultum
2886 1243 3019 1297 vo-

665 1338 778 1413 bis
827 1359 922 1414 ex
971 1339 1260 1434 speciali
1313 1340 1552 1437 gratia
1585 1340 1852 1436 divina,
1887 1345 2008 1415 che
2039 1345 2362 1434 dannati,
2397 1342 2601 1436 idest,
2640 1363 2770 1418 vos
2804 1343 3019 1417 dam-

669 1459 818 1533 nati
868 1459 942 1532 in
992 1459 1299 1554 inferno,
1352 1463 1568 1534 venite
1617 1481 1666 1532 a
1716 1465 1778 1535 le
1843 1465 1975 1560 mie
2021 1469 2303 1554 qrocte?
2352 1462 2559 1556 idest,
2610 1462 2703 1538 ad
2762 1464 3011 1538 locum

665 1579 1094 1676 purgatorii.

811 1703 912 1770 Lo
962 1702 1146 1772 duca
1197 1704 1358 1774 mio.
1411 1701 1554 1775 Ista
1615 1707 1728 1776 est
1793 1701 2002 1776 tertia
2068 1723 2239 1797 pars
2298 1705 2688 1799 generalis,
2741 1705 2813 1777 in
2866 1727 3016 1800 qua

665 1825 882 1914 poeta
933 1826 1182 1894 noster
1231 1821 1542 1896 ostendit
1583 1821 1957 1915 quomodo
1999 1821 2341 1916 Virgilius
2378 1822 2835 1917 responderit
2874 1826 3017 1899 Ca-

669 1940 820 2014 toni
871 1940 962 2015 ad
1013 1942 1343 2036 quaesita,
1377 1948 1451 2016 et
1501 1942 1841 2037 petiverit
1890 1942 2310 2037 introitum3
2366 1950 2442 2017 et
2490 1944 2729 2038 primo
2770 1951 3018 2018 osten-

669 2061 772 2135 dit
821 2062 1194 2155 quomodo
1244 2063 1585 2159 Virgilius
1635 2063 1789 2137 viso
1841 2072 1916 2139 et
1965 2062 2217 2138 audito
2250 2063 2388 2137 isto
2422 2084 2599 2138 sene
2639 2063 3019 2158 sapientis-

668 2181 854 2256 simo
890 2181 1280 2257 reddiderit
1315 2183 1552 2278 ipsum
1593 2189 2060 2259 reverentem
2097 2205 2279 2280 erga
2313 2184 2545 2257 illum.
2584 2184 2767 2259 Dicit
2802 2204 3015 2280 ergo:

663 2307 764 2374 Lo
815 2304 998 2375 duca
1047 2307 1212 2393 mio,
1265 2303 1536 2378 scilicet
1587 2304 1929 2401 Virgilius
1979 2303 2108 2398 qui
2140 2305 2461 2379 duxerat
2492 2325 2615 2379 me
2649 2305 2889 2400 primo
2923 2305 3018 2380 ad

663 2423 1130 2516 praesentiam
1183 2423 1566 2516 charontis
1617 2424 1808 2499 senis
1853 2423 2192 2498 terribilis
2244 2424 2319 2496 in
2368 2423 2667 2498 introitu
2724 2425 3009 2520 inferni,

665 2548 739 2617 et
789 2563 986 2616 nunc
1035 2542 1352 2618 duxerat
1405 2564 1527 2618 me
1573 2543 1667 2618 ad
1715 2545 2180 2639 praesentiam
2224 2545 2515 2619 Catonis
2554 2545 2747 2620 senis
2788 2565 3015 2621 vene-

667 2662 932 2757 rabiliS,
985 2664 1240 2738 volens
1294 2665 1622 2740 revereri
1673 2664 1876 2738 illum
1946 2670 2027 2736 ut
2076 2664 2381 2760 dignum
2434 2670 2617 2758 erat,
2669 2668 2857 2738 allor
2918 2669 3019 2743 mi

663 2779 778 2856 die*
823 2785 899 2856 di
933 2785 1184 2876 piylio,
1237 2783 1444 2878 idest,
1497 2783 1684 2879 cepit·
1735 2804 1860 2859 me
1909 2783 2174 2878 subito,
2226 2807 2263 2857 e
2311 2786 2645 2857 rivet-enti
2691 2787 2788 2857 mi
2828 2788 2903 2879 se
2953 2789 3015 2860 le

663 2905 910 2995 qambe
961 2907 1072 2977 e’l
1119 2908 1351 2997 ciqlio,
1403 2904 1610 2998 idest,
1650 2904 2002 3000 disposuit
2051 2925 2174 2979 me
2223 2904 2315 2978 ad
2366 2903 2851 2999 praestandam
2894 2925 3015 2979 re-

670 3025 1070 3100 verentiam
1126 3025 1442 3099 debitam
1508 3024 1626 3118 illi,
1688 3025 2064 3099 curvando
2124 3025 2303 3098 mihi
2366 3045 2609 3120 genua
2674 3031 2749 3098 et
2808 3024 3011 3099 incli-

663 3144 904 3218 nando
957 3153 1178 3239 caput
1227 3144 1349 3239 illi,
1401 3165 1534 3216 con
1574 3147 1854 3237 parole,
1889 3165 2022 3218 con
2061 3148 2257 3218 mam·
2287 3166 2324 3216 e
2356 3165 2489 3216 con
2526 3147 2750 3234 cenni,
2800 3143 3009 3238 quasi

661 3265 874 3360 dicat,
926 3265 1269 3339 omnibus
1319 3265 1553 3339 modis
1588 3265 1856 3359 quibus
1890 3265 2122 3361 potuit
2157 3264 2232 3338 in
2269 3271 2417 3338 tam
2460 3265 2667 3338 brevi
2701 3271 3011 3360 puncto;

660 3385 859 3480 quia,
913 3392 994 3459 ut
1034 3386 1188 3481 jam
1243 3385 1520 3461 dictum
1573 3391 1682 3460 est
1734 3406 1982 3481 supra,
2035 3385 2213 3461 Cato
2266 3390 2427 3459 erat
2484 3383 2749 3480 dignus
2810 3389 3009 3461 tanta

659 3506 1098 3601 reverentia,
1134 3506 1332 3600 quod
1387 3506 1578 3580 filius
1628 3506 1791 3600 plus
1843 3527 1989 3579 non
2031 3505 2251 3579 debet
2289 3504 2497 3599 patri.
2534 3504 2623 3577 Et
2654 3504 2856 3599 ponit
2889 3524 3012 3579 re-

657 3628 1119 3723 sponsionem
1171 3627 1470 3723 Virgilii,
1517 3627 1642 3721 qui
1693 3626 1936 3722 primo
1988 3625 2379 3721 respondet
2428 3625 2772 3700 secundae
2824 3623 3011 3719 peti—

659 3747 836 3821 tioni
887 3746 1198 3840 CatoniS,
1252 3768 1400 3841 qua
1450 3746 1830 3842 petiverat,
1875 3746 2037 3841 quis
2085 3746 2402 3820 duxerat
2450 3766 2577 3820 eos
2630 3750 2705 3819 et
2754 3745 3008 3819 lumen

661 3866 974 3941 fecerat?
1024 3865 1221 3940 unde
1271 3865 1487 3940 dicit:
1527 3869 1660 3959 poi
1705 3869 1974 3959 ris-pose
2024 3887 2071 3937 a
2122 3868 2246 3957 lui,
2296 3864 2501 3959 idest,
2546 3864 2807 3939 deinde
2855 3863 3009 3958 ipse

659 3986 1002 4083 Virgilius
1071 3984 1438 4080 respondit
1497 3984 1631 4081 ipsi
1681 3985 1984 4059 Catoni:
2044 3987 2143 4058 da
2204 4006 2323 4058 me·
2374 4005 2519 4057 non
2576 3986 2818 4057 vermi.-
2870 4004 3007 4057 nec

657 4107 1056 4202 potuissem
1110 4127 1284 4179 cum
1337 4104 1538 4179 omni
1570 4104 1846 4180 auxilio
1898 4110 1969 4180 et
2017 4104 2317 4179 consilio
2372 4106 2719 4178 humanae
2769 4104 3007 4178 scien-

655 4228 798 4321 tiae,
851 4228 980 4302 sed
1029 4226 1330 4321 divinae3
1386 4226 1580 4300 unde
1637 4225 1848 4299 dicit:
1915 4228 2184 4315 donna,
2250 4224 2521 4299 scilicet
2570 4223 2861 4297 Beatrix
2904 4215 3004 4316 (¹),

659 4368 824 4442 quae
877 4354 990 4423 est
1038 4368 1250 4422 sacra
1299 4347 1687 4444 theologia,
1739 4367 1924 4419 scese
1972 4348 2100 4419 dal
2145 4348 2296 4436 ciel,
2357 4344 2533 4439 quia
2588 4345 2745 4417 haec
2796 4364 3005 4420 sacra

657 4468 956 4543 scientia
1009 4489 1156 4544 non
1208 4474 1321 4543 est
1369 4467 1538 4541 data
1599 4466 2016 4541 hominibus
2063 4487 2196 4562 per
2245 4464 2827 4560 acquisitionem,
2880 4466 3007 4539 sed

656 4608 787 4683 per
839 4588 1278 4673 infusionem
1329 4609 1374 4663 a
1425 4588 1602 4681 De0,
1655 4586 1852 4661 unde
1901 4586 2118 4660 dicit:
2165 4606 2301 4679 per
2352 4588 2402 4658 li
2432 4587 2543 4657 cui
2563 4586 2817 4677 preqhi
2859 4587 3017 4658 del-.

655 4713 728 4783 la
775 4712 920 4782 mia
972 4711 1396 4801 compaynia
1445 4710 1662 4781 cosmi
1709 4709 2068 4798 sovvenni,
2109 4706 2405 4799 scilicet,
2439 4704 2554 4779 isti
2606 4704 2841 4799 Danti,
2878 4703 3005 4799 qui

651 4828 870 4903 datus
921 4834 1030 4903 est
1081 4829 1259 4911 mihi
1310 4828 1692 4903 ducendus
1731 4848 1863 4922 per
1915 4826 2284 4901 infernum
2335 4832 2410 4900 et
2460 4824 3005 4921 purgatorium,

781 5096 838 5157 (¹)
867 5096 930 5145 E.
963 5095 1173 5147 domina
1203 5096 1426 5147 Beati-ix.
