4392 6850
1412 885 1507 953 34
2132 897 2542 954 COMENTUM
2594 899 3031 952 PURGAToau

1408 1063 1646 1136 quare
1671 1043 1848 1117 Cato
1883 1062 2032 1116 non
2066 1042 2309 1136 potius
2334 1043 2783 1138 procurabat
2810 1043 3229 1118 interficere
3251 1041 3489 1137 primo
3516 1040 3750 1136 ipsum

1408 1168 1830 1258 tyrannum,
1883 1163 2071 1236 sicut
2121 1163 2292 1237 fecit
2326 1163 2603 1238 Brutus
2636 1184 2869 1260 gener
2912 1164 3094 1258 eiuS,
3141 1164 3269 1258 qui
3320 1163 3554 1236 multo
3600 1181 3755 1234 ma-

1407 1268 1822 1378 gnanimior
1873 1282 2150 1357 Catone
2201 1283 2441 1378 primo
2492 1283 2853 1358 interfecit
2898 1283 3288 1376 Caesarem‚
3341 1281 3603 1357 deinde
3648 1279 3755 1354 vi-

1410 1403 1639 1478 riliter
1690 1403 2064 1500 pugnavit,
2112 1409 2193 1477 'et
2258 1403 2561 1478 demum
2624 1425 2706 1480 se
2764 1404 3147 1496 interfecit,
3200 1423 3293 1478 ne
3344 1402 3626 1478 veniret
3684 1400 3755 1472 in

1409 1544 1674 1597 manus
1733 1523 2145 1598 crudelium
2206 1525 2553 1619 hostium,
2618 1526 2713 1598 ita
2791 1525 2990 1620 quod
3058 1524 3314 1598 habuit
3368 1523 3751 1620 justiorem

1409 1663 1713 1718 causam
1764 1643 2136 1718 occidendi
2187 1665 2269 1719 se
2320 1667 2545 1740 quam
2601 1646 2800 1720 Cato.
2837 1645 3080 1720 Caesar
3124 1644 3320 1718 enim
3374 1650 3749 1736 tamquam

1411 1763 1848 1838 naturaliter
1911 1765 2258 1858 clemens,
2329 1766 2551 1842 etiam
2620 1765 2695 1839 in
2760 1766 2915 1860 ipso
2978 1765 3247 1840 ardore
3296 1763 3464 1838 belli
3532 1761 3755 1837 civilis

1411 1883 1709 1977 optabat
1760 1884 2070 1958 salutem
2110 1885 2433 1958 duorum
2477 1886 2952 1981 optimorum,
2998 1885 3268 1984 scilicet
3310 1883 3602 1958 Catonis
3642 1903 3756 1956 sa-

1410 2003 1858 2098 pientissimi,
1904 2011 1980 2079 et
2028 2004 2399 2079 Ciceronis
2432 2004 3045 2100 eloquentissimi3
3080 2011 3155 2080 et
3190 2009 3393 2079 certe
3428 2001 3757 2078 Ciceroni

1412 2122 2020 2197 clementissimus
2065 2125 2221 2218 fuit,
2257 2125 2376 2198 cui
2430 2131 2592 2220 post
2624 2125 2906 2200 cladem
2947 2123 3401 2198 thessalicam
3440 2121 3755 2217 scripsit:

1413 2247 1655 2315 Marce
1715 2246 1915 2334 Tulli,
1967 2245 2133 2316 bene
2180 2266 2474 2336 sperare
2524 2253 2585 2318 te
2614 2245 2851 2335 jubeo.
2896 2245 3127 2318 Morte
3177 2250 3427 2318 autem
3471 2240 3762 2316 Catonis

1413 2362 1686 2457 audita,
1748 2364 1983 2458 inquit
2043 2365 2333 2438 Caesar:
2406 2369 2575 2438 Cato
2636 2368 2885 2438 incidit
2938 2367 3189 2456 ylorioe
3250 2385 3447 2455 meae,
3514 2371 3583 2436 et
3634 2383 3759 2452 eqo

1412 2503 1557 2556 suae
1617 2488 1913 2558 invideo,
1979 2486 2066 2558 Et
2125 2492 2376 2560 tamen
2427 2486 2705 2560 Tullius
2771 2506 2904 2581 per
2973 2487 3245 2560 multos
3302 2505 3535 2559 annos
3594 2489 3761 2557 ante

1413 2603 1697 2679 dixerat
1749 2607 2205 2679 contrarium
2257 2607 2349 2682 de
2400 2613 2641 2681 morte
2693 2605 3129 2699 voluntaria,
3180 2607 3271 2678 VI
3329 2606 3423 2680 de
3484 2625 3569 2679 re
3625 2623 3761 2698 pu-

1413 2723 1623 2798 blica.
1677 2724 1955 2799 Seneca
2006 2733 2259 2800 autem
2323 2726 2753 2801 mirabiliter
2784 2719 2855 2818 (⁴)
2923 2725 3393 2800 commendat
3422 2717 3495 2818 (²)
3563 2745 3762 2798 mor-

1413 2852 1563 2920 tem
1601 2846 1916 2941 CatoniS,
1951 2853 2024 2922 et
2075 2847 2373 2922 inclinat
2406 2848 2479 2920 in
2520 2847 2955 2922 seutentiam
3002 2847 3258 2921 mortis
3293 2844 3757 2922 voluntariae:

1413 2965 1541 3040 sed
1591 2972 1795 3041 certe
1849 2969 2082 3041 multa
2131 2968 2325 3042 bene
2374 2968 2563 3042 dicta
2617 2988 2751 3042 sua
2805 2968 2945 3041 hoc
2997 2987 3146 3040 uno
3198 2966 3389 3040 male
3423 2965 3615 3040 dicto
3654 2963 3765 3037 ni-

1415 3085 1555 3158 mis
1606 3087 2009 3161 enormiter
2063 3087 2458 3161 maculavit
2488 3078 2588 3178 (³).
2644 3086 2759 3160 Sic
2821 3108 3002 3183 ergo
3058 3087 3267 3183 peius
3318 3086 3486 3160 fecit
3538 3103 3764 3179 quam

1415 3203 1717 3297 TulliuS,
1745 3206 1916 3298 quia
1946 3207 2395 3280 tolerabilius
2421 3214 2530 3281 est
2558 3227 2892 3282 errorem
2924 3227 3307 3300 excusare,
3337 3225 3565 3300 quam
3604 3205 3768 3277 lau-

1413 3324 1618 3399 dare.
1673 3326 2123 3423 Augustinus
2175 3347 2357 3401 vero
2397 3327 2669 3421 justius
2730 3334 2803 3401 et
2864 3327 3113 3402 verius
3174 3333 3493 3400 mortem
3556 3324 3767 3398 istam

1414 3444 1722 3518 damnat
1769 3453 1842 3519 et
1891 3454 2215 3541 accusat,
2268 3448 2505 3541 primo
2556 3448 2648 3523 de
2700 3447 3007 3522 Civitate
3056 3448 3208 3541 Dei,
3254 3447 3450 3521 circa
3500 3442 3773 3539 princi-

1416 3564 1649 3658 pium,
1701 3565 2078 3661 eleganter
2129 3566 2505 3661 disputans
2554 3573 2809 3642 contra
2850 3587 3027 3640 eum
3070 3567 3319 3640 multis
3352 3563 3771 3661 persuasio-

1418 3683 1638 3757 nibus
1684 3683 1918 3757 clariS.
1973 3684 2225 3758 Omnis
2277 3687 2471 3759 enim
2528 3687 2645 3761 lex
2702 3694 2850 3759 tam
2900 3687 3229 3761 humana
3264 3705 3489 3780 quam
3528 3682 3769 3757 divina

1417 3803 1757 3898 prohibet
1807 3805 2283 3878 homicidium
2339 3805 2517 3879 fieri.
2562 3805 2635 3878 Si
2688 3806 2911 3901 igitur
2946 3805 3293 3879 nonlicet
3329 3802 3607 3878 homini
3642 3820 3771 3874 oc-

1417 3923 1666 3998 cidere
1717 3925 2117 4020 hominem,
2173 3928 2407 3999 multo
2462 3927 2706 3999 minus
2764 3946 2910 3999 non
2972 3926 3139 4000 licet
3195 3924 3534 3999 occidere
3562 3910 3637 4014 (⁸)
3690 3938 3774 3994 se

1417 4043 1845 4137 bominem3
1898 4045 2066 4119 ideo
2118 4046 2383 4119 merito
2437 4046 2737 4140 quidam
2790 4045 2927 4119 viri
2978 4046 3335 4139 sapientes
3383 4042 3601 4117 amici
3634 4041 3775 4115 Ca-

1416 4163 1612 4237 tonis
1663 4164 1852 4238 istud
1894 4156 1968 4257 (⁵)
2027 4166 2300 4240 factum
2368 4187 2516 4240 non
2575 4167 3085 4259 laudaverunt,
3151 4164 3503 4260 quoniam
3570 4161 3773 4234 nullo

1416 4283 1644 4356 modo
1694 4286 1874 4358 Cato
1934 4292 2154 4380 turpe
2205 4284 2562 4379 judicavit
2618 4286 2871 4360 vivere
2934 4286 3073 4358 sub
3122 4285 3412 4359 caesare
3470 4282 3773 4356 victore.

1419 4404 1577 4476 Cur
1617 4404 1812 4477 enim
1851 4404 1986 4476 suit
2020 4412 2240 4478 autor
2276 4403 2482 4477 istius
2521 4403 2987 4498 turpitudinis
3020 4403 3397 4477 carissimo
3432 4400 3583 4473 filio
3616 4417 3777 4490 suo,

1421 4522 1547 4595 cui
1599 4524 1947 4619 praecepit
1998 4529 2084 4597 ut
2132 4524 2380 4597 omnia
2432 4523 2525 4596 de
2573 4522 2879 4597 Caesaris
2911 4523 3358 4618 benignitate
3396 4522 3781 4616 speraret?

1423 4640 1500 4716 Si
1555 4640 1749 4715 enim
1801 4644 2227 4736 Torquatus
2262 4642 2722 4717 laudabiliter
2756 4641 3014 4715 occidit
3050 4640 3303 4733 filium,
3342 4640 3513 4713 licet
3552 4638 3785 4712 victo-

1555 4852 1611 4913 (¹)
1647 4854 1753 4911 117,
1787 4852 2080 4903 moraliter.
2740 4852 2796 4914 (ἢ
2826 4853 2881 4903 S.
2914 4854 3236 4904 condemnat.

1555 4926 1612 4988 (³)
1646 4928 1708 4977 E.
1741 4929 2026 4979 maculavit
2057 4942 2139 4980 set
2170 4943 2317 4994 ergo.
2740 4929 2794 4992 (⁸)
2826 4930 2878 4980 S.
2911 4930 3146 4982 occidere
3178 4942 3263 4991 se:
3296 4928 3431 4979 ideo.

1557 5004 1612 5066 (³)
1647 5006 1754 5064 117,
1787 5018 1894 5055 non
1927 5005 2068 5055 istud
2099 5006 2458 5059 laudaverunt.
