4392 6850
1170 993 1174 996 »
1325 1015 1332 1020 .
1465 968 1742 1024 ema-us
1789 970 2081 1024 sEx'rus.
2814 959 2951 1026 183

603 1115 886 1192 scordia
934 1116 1126 1191 inter
1174 1135 1353 1190 eum
1405 1119 1478 1188 et
1528 1113 1939 1210 Philippum
2005 1135 2263 1212 regem
2322 1115 2673 1210 Franciae,
2734 1116 2958 1190 Boni-

611 1235 844 1338 faoius
883 1235 1052 1312 feeit
1097 1235 1340 1310 foedus
1389 1253 1564 1309 eum
1613 1234 1935 1330 Alberto,
1979 1242 2054 1310 et
2101 1235 2342 1331 ipsum
2394 1243 2814 1331 vocaverat,
2868 1257 2960 1312 eo

609 1365 942 1452 tempore
971 1375 1122 1450 quo
1153 1360 1412 1451 captus
1437 1360 1550 1428 est
1577 1353 1652 1429 in
1681 1375 1818 1430 sua
1843 1355 2136 1431 civitate
2150 1355 2951 1453 Anagniae.-—Guarda.

609 1477 740 1551 Hic
788 1482 1001 1572 poeta
1050 1474 1325 1550 invehit
1388 1479 1646 1550 contra
1707 1474 2094 1550 Albertum
2159 1476 2593 1571 praedictum
2645 1477 2773 1573 qui
2823 1497 2960 1552 ne-

607 1598 831 1696 glexit
885 1596 1160 1692 venire,
1195 1616 1369 1670 cum
1403 1593 1796 1693 possetgad
1832 1595 2283 1671 liberandam
2326 1597 2630 1672 ltaliam.
2684 1597 2959 1672 Ordina

607 1719 710 1793 sic
761 1719 1078 1812 literam,
1129 1723 1204 1792 et
1250 1716 1611 1793 descende
1659 1716 1870 1810 infra,
1923 1723 1998 1792 et
2045 1716 2290 1793 dieas:
2362 1721 2423 1791 0
2472 1717 2755 1792 Alberto
2830 1723 2959 1791 Te-

609 1843 842 1932 descO,
894 1839 1132 1914 electe
1181 1838 1608 1934 imperator,
1649 1839 1752 1910 clt'
1777 1837 2182 1911 abbandum
2230 1841 2461 1930 costei,
2498 1837 2704 1932 idest,
2740 1838 2953 1912 istam

609 1962 921 2055 ltaliam,
994 1962 1098 2034 clae'
1125 1955 1165 2034 e*
1219 1963 1404 2053 satta
1463 1960 1802 2032 indomita
1860 1979 1898 2031 e
1961 1960 2353 2049 selvayyia,
2410 1957 2619 2051 idest,
2670 1958 2960 2034 rebellis

613 2089 691 2156 et
739 2079 1158 2155 inobediens
1209 2077 1541 2173 imperio,
1579 2078 1753 2174 quia
1789 2097 1936 2151 non
1975 2076 2235 2152 venisti
2276 2077 2367 2151 ad
2402 2078 2601 2151 illam
2646 2077 2958 2152 doman-

612 2203 810 2296 dam,
871 2223 910 2274 e
967 2202 1275 2274 dovresti
1319 2203 1644 2294 inforcar
1695 2203 1746 2272 li
1809 2202 1966 2272 suoi
2011 2201 2314 2289 arcioni,
2366 2198 2572 2292 idest,
2624 2199 2959 2295 equitare

617 2343 827 2416 eam3
877 2322 1168 2412 quarela
1215 2322 1392 2393 com'
1417 2327 1564 2394 esta
1589 2323 1801 2412 fiera,
1843 2319 2139 2413 scilieet,
2174 2317 2399 2414 Italia,
2450 2315 2494 2393 e*
2532 2323 2715 2413 satta
2757 2323 2955 2414 sella,

619 2442 822 2536 idest,
875 2462 1130 2538 prava,
1175 2463 1310 2534 per
1357 2463 1498 2514 non
1551 2461 1739 2514 esser
1787 2447 2094 2514 correcta
2143 2443 2243 2514 da
2292 2443 2396 2532 qli
2432 2444 2705 2533 sproni,
2748 2440 2950 2535 idest,

619 2561 1140 2658 imperialibus,
1201 2565 1327 2656 poi
1391 2565 1512 2635 che
1549 2565 1825 2654 ponesti
1871 2582 2086 2634 mano
2135 2581 2186 2634 a
2236 2563 2309 2633 la
2351 2563 2699 2654 predella,
2750 2560 2957 2656 idest,

615 2689 1002 2780 postquam
1039 2681 1490 2778 assumpsisti
1526 2680 1859 2777 regimen
1895 2680 2100 2754 istius
2149 2680 2325 2756 ferae
2374 2679 2633 2774 belvae,
2674 2685 2746 2755 et
2780 2680 2961 2756 froe-

621 2824 819 2877 num.
858 2802 1024 2877 Seio
1073 2809 1346 2895 tamen,
1383 2801 1582 2895 quod
1615 2799 2110 2876 communiter
2143 2800 2265 2876 alii
2293 2793 2369 2892 (¹)
2410 2800 2711 2874 trahunt
2747 2800 2961 2875 istam

617 2923 904 3022 literam
953 2922 1048 2996 ad
1106 2924 1422 3013 liyentem
1471 2940 1619 2995 non
1667 2919 1762 2994 ad
1812 2921 2194 3010 Albertum,
2254 2925 2327 2995 et
2380 2926 2757 3015 exponunt
2806 2921 2957 2994 sic:

621 3046 728 3118 Tu
776 3063 987 3140 papa,
1042 3041 1341 3138 respice,
1395 3041 1767 3136 quomodo
1815 3039 2019 3114 ltalia
2081 3041 2272 3115 facta
2334 3046 2441 3116 est
2500 3039 2733 3134 fellea,
2786 3041 2959 3136 quia

621 3173 701 3240 tu
754 3185 902 3240 non
953 3161 1344 3259 permisisti
1385 3161 1907 3256 imperatorem
1942 3161 2220 3255 venire,
2273 3168 2347 3237 et
2395 3161 2847 3256 assumpsisti
2886 3160 2958 3234 in

621 3293 694 3362 te
743 3285 1097 3381 regimen.
1123 3323 1224 3336 -—
1255 3285 1492 3356 Giusco
1539 3285 1862 3374 madido.
1905 3281 2036 3356 Hic
2085 3287 2302 3376 poeta
2353 3281 2801 3376 imprecatur
2836 3281 2962 3356 Al·-

617 3406 826 3483 berto
877 3404 1159 3479 malum
1210 3403 1306 3479 ob
1357 3401 1626 3478 dictam
1677 3403 1970 3498 culpam
2002 3391 2102 3495 (²),
2155 3401 2447 3483 dicens:
2510 3404 2747 3475 Giusto
2794 3405 2959 3494 qiu-

613 3530 820 3618 diciO,
871 3526 1142 3601 scilicet
1197 3525 1550 3619 divinum,
1603 3527 1788 3598 dalle
1861 3526 2048 3597 stelle
2121 3526 2379 3615 cayyia
2450 3545 2673 3616 sopra
2722 3524 2772 3598 'l
2842 3532 2959 3598 tuo

611 3668 904 3738 sangae,
957 3647 1142 3723 idest
1193 3645 1437 3721 veniat
1487 3666 1711 3740 super
1779 3650 1872 3719 te.
1935 3644 2024 3717 Et
2092 3643 2207 3717 hic
2274 3650 2471 3737 nota,
2534 3644 2730 3740 quod
2772 3646 2966 3720 istud

617 3767 861 3843 evenit
909 3766 1003 3842 de
1050 3766 1275 3841 facto:
1333 3786 1504 3841 nam
1558 3765 1631 3838 in
1682 3763 2072 3839 MCCCVIII
2111 3764 2433 3838 calendis
2476 3764 2649 3839 maii
2699 3764 2959 3841 Alber-

617 3892 736 3960 tus
786 3885 1178 3981 praedictus
1227 3885 1362 3958 fuit
1412 3883 1774 3981 gladiatus
1813 3884 1908 3957 ab
1950 3903 2101 3957 uno
2136 3904 2275 3957 suo
2310 3890 2575 3979 nepote
2617 3885 2965 3979 proditio-

619 4006 882 4081 naliter
931 4006 1006 4079 in
1059 4005 1368 4080 transitu
1437 4003 1652 4077 unius
1715 4004 2058 4099 fluminis,
2109 4003 2555 4079 descendens
2616 4005 2708 4080 de
2770 4006 2960 4079 navi.

620 4128 859 4201 Causa
912 4125 1070 4221 fuit,
1120 4126 1293 4219 quia
1348 4124 1582 4200 dictus
1631 4124 1976 4199 Albertus
2026 4124 2437 4220 occupabat
2486 4124 2621 4199 sibi
2674 4132 2963 4220 partem

623 4233 1045 4351 hereditatis
1093 4245 1408 4321 ducatus
1445 4244 1782 4318 Austriae.
1818 4244 2027 4318 Ponit
2061 4264 2245 4341 ergo
2280 4245 2419 4318 hoc
2454 4244 2729 4319 sactum
2772 4251 2964 4319 tam-

623 4386 849 4461 quam
903 4365 1262 4461 futurum,
1316 4365 1490 4461 quia
1549 4364 1770 4439 habet
1830 4370 2246 4460 respectum
2310 4365 2404 4439 ad
2468 4372 2757 4461 tempus
2806 4388 2963 4441 suae

625 4485 938 4582 visionis,
989 4507 1138 4561 non
1187 4486 1281 4562 ad
1341 4491 1630 4581 tempus
1681 4506 1832 4579 quo
1881 4485 2194 4582 scripsit,
2265 4486 2453 4559 sieut
2513 4507 2707 4582 saepe
2767 4488 2959 4563 idem

622 4607 902 4683 ostendi
955 4607 1029 4681 in
1079 4607 1364 4683 inferno
1401 4606 1476 4680 in
1511 4606 1760 4680 multis
1797 4606 2027 4700 dictis,
2061 4626 2233 4699 quae
2273 4606 2610 4682 videntur
2653 4609 2967 4703 prophe-

623 4727 788 4821 tica,
853 4748 1026 4803 cum
1093 4733 1346 4802 tamen
1399 4746 1548 4800 nou
1609 4726 1796 4819 sint3
1847 4727 2010 4801 ideo
2067 4726 2282 4801 dicit:
2336 4748 2373 4800 e
2430 4729 2541 4800 sia
2602 4748 2833 4801 nuovo
2900 4737 2967 4803 et

627 4855 900 4940 aperto,
950 4846 1125 4941 quia
1172 4847 1364 4922 bene
1414 4846 1550 4921 fuit
1589 4846 1951 4943 judicium
2003 4846 2176 4921 satis
2224 4853 2661 4923 extraneum
2698 4854 2771 4924 et
2806 4870 2970 4925 ma-

754 5098 810 5161 (')
841 5096 895 5148 S.
930 5098 1010 5149 isti
1045 5100 1276 5151 trahunt.
1651 5100 1706 5161 (⁸)
1739 5104 1848 5161 11⁷,
1883 5114 2091 5151 causam
2123 5106 2176 5152 et
2213 5101 2437 5165 eulpam.
