4392 6850
1435 987 1716 1044 emrus
1761 989 2151 1045 SECUNDUS.
2865 977 2957 1044 69

611 1139 786 1233 quia
851 1158 998 1211 non
1063 1140 1349 1231 poterat
1419 1134 1670 1210 videre
1733 1135 1992 1211 faciem
2063 1157 2278 1211 suam
2349 1135 2538 1210 sicut
2614 1135 2955 1229 aliorum,

609 1264 861 1333 tamen
927 1256 1118 1331 bene
1176 1255 1536 1330 sentiebat
1593 1254 2105 1331 alterationem
2165 1277 2401 1330 suam.
2464 1257 2553 1330 Et
2613 1278 2762 1331 non
2821 1255 2964 1329 mi-

613 1378 798 1454 reris
847 1377 906 1451 si
955 1382 1176 1452 autor
1227 1376 1326 1450 ita
1377 1376 1824 1471 stupefactus
1875 1382 2008 1470 est,
2052 1376 2227 1470 quia
2277 1376 2412 1450 iste
2462 1383 2627 1452 erat
2674 1377 2959 1472 primus

612 1504 953 1572 mortuus
1003 1517 1231 1591 quem
1283 1515 1613 1590 unquam
1667 1494 1910 1570 fuerat
1968 1496 2375 1591 amplexus,
2422 1490 2679 1589 perche?
2732 1499 2777 1569 Γ
2804 1517 2960 1570 om-

611 1618 746 1690 bra
793 1618 1086 1707 som-ise,
1135 1615 1228 1690 de
1279 1614 1736 1710 simplicitate
1783 1621 2021 1710 poetae
2070 1616 2197 1710 qui
2242 1616 2569 1691 tentabat
2616 1617 2958 1713 amplecti

611 1737 934 1812 animam
987 1741 1428 1832 separatam,
1463 1735 1652 1809 sicut
1685 1736 1860 1810 olim
1895 1736 2175 1810 solebat
2214 1737 2455 1810 facere
2498 1757 2767 1831 corpus
2801 1737 2961 1811 ani—

612 1863 926 1952 matum,
977 1878 1016 1929 e
1062 1858 1126 1928 si
1171 1859 1494 1948 rib-asse,
1545 1855 1818 1930 scilicet
1875 1855 2415 1950 aliquantulum
2467 1878 2513 1930 a
2568 1877 2693 1932 me
2759 1864 2960 1931 retro

615 1998 697 2053 se
744 1976 990 2072 traxit,
1041 1984 1108 2049 et
1147 1979 1220 2048 io
1269 1977 1617 2066 sequendo
1665 1979 1780 2067 lei,
1833 1981 2120 2050 tantum
2167 1983 2531 2069 quantum
2570 1976 2689 2050 illa
2725 1997 2805 2051 se
2842 1998 2965 2051 re-

619 2098 978 2189 trahebat,
1029 2099 1204 2170 oure
1251 2098 1348 2169 mi
1389 2099 1603 2188 pinsi,
1655 2095 1859 2190 idest,
1903 2095 2233 2191 protraxi
2286 2117 2407 2170 me
2458 2117 2721 2172 versus
2770 2118 2961 2172 eam.

615 2259 714 2272 —
739 2223 1202 2292 Soavemente.
1255 2216 1386 2292 Hic
1435 2222 1648 2312 poeta
1700 2216 2014 2291 ostendit
2073 2218 2449 2311 quomodo
2512 2238 2967 2316 recognove-

619 2339 710 2412 rit
736 2331 812 2431 (¹)
864 2338 1088 2412 istum
1141 2337 1477 2432 spiritum
1528 2337 1620 2411 ad
1673 2337 2044 2432 loquelam
2096 2338 2383 2413 dicens:
2420 2345 2497 2414 et
2530 2339 2650 2414 illa
2692 2339 2965 2435 anima,

613 2465 1072 2550 soavemenle,
1123 2457 1310 2532 sicut
1361 2456 1722 2532 habuerat
1771 2477 2078 2534 suavem
2141 2478 2401 2534 vocem
2466 2459 2541 2532 in
2599 2458 2967 2553 loquendo

617 2589 690 2658 et
737 2581 1123 2675 cantando,
1174 2583 1360 2654 disse
1405 2582 1508 2653 ch'
1531 2583 1603 2653 io
1644 2601 1967 2673 posasse,
2009 2581 2181 2674 quia
2234 2581 2507 2657 frustra
2548 2582 2871 2656 conabar
2886 2572 2961 2675 (²)

617 2702 956 2798 amplecti
1005 2721 1199 2793 eam,
1251 2703 1440 2775 allor
1487 2701 1778 2773 conobbi
1825 2703 1936 2774 clei
1981 2721 2136 2793 era,
2173 2701 2272 2775 ita
2309 2701 2505 2796 quod
2540 2723 2761 2795 quem
2816 2722 2967 2776 nou

619 2841 1116 2919 cognoveram
1169 2842 1263 2896 ex
1315 2827 1706 2916 conspectu
1737 2813 1810 2915 (³)
1865 2822 2176 2918 cognovi
2232 2843 2322 2896 ex
2372 2823 2688 2919 loquela,
2726 2846 2763 2897 e
2791 2847 2967 2918 pre—

620 2946 744 3037 ραι·
789 2945 910 3016 che
946 2963 1086 3034 per
1127 2944 1488 3035 parlarmi
1546 2962 1640 3015 tm
1695 2961 1876 3034 poco
1937 2945 1995 3014 s’
2022 2949 2439 3034 arrestasse,
2492 2942 2667 3037 quia
2724 2943 2969 3020 suerat

621 3062 799 3137 mibi
849 3082 1072 3136 carus
1121 3070 1196 3135 et
1246 3061 1616 3135 familiaris
1668 3061 1743 3134 in
1793 3062 1963 3135 vita.
2018 3062 2107 3134 Et
2156 3062 2359 3156 ponit
2418 3063 2967 3158 responsionem

621 3181 831 3275 illius,
900 3180 1192 3255 dicens:
1259 3183 1650 3272 risposemi,
1719 3180 1967 3254 anima
2039 3180 2407 3276 praedicta,
2481 3176 2623 3254 cosi
2696 3185 2872 3254 com'
2896 3185 2969 3256 io

620 3306 667 3376 ι’
692 3304 888 3374 amai
933 3305 1050 3376 nel
1079 3304 1342 3375 moreat
1374 3322 1619 3394 corp0,
1659 3299 1932 3374 scilicet
1977 3299 2050 3374 in
2083 3300 2325 3396 prima
2358 3299 2528 3395 vita,
2564 3293 2707 3374 cosi
2746 3305 2969 3375 t’amo

619 3427 890 3514 sciolla,
941 3420 1146 3517 idest,
1201 3423 1441 3497 soluta
1491 3428 1564 3497 et
1615 3430 1952 3517 separata
2001 3444 2046 3496 a
2109 3441 2381 3517 carne3
2423 3415 2603 3515 pero
2654 3426 2745 3495 m'
2760 3445 2971 3497 arre-

619 3536 848 3637 stero;
881 3549 956 3619 et
989 3543 1213 3637 petit:
1252 3564 1369 3615 ma
1404 3550 1474 3616 tu
1495 3539 1757 3635 perche*
1787 3544 1956 3615 vai?
1988 3541 2196 3636 quasi
2230 3541 2457 3615 dicat:
2494 3542 2622 3617 sed
2660 3549 2739 3615 tu
2774 3543 2972 3618 Dan-

623 3671 756 3758 teS‚
807 3684 1042 3758 quare
1092 3662 1305 3737 vivus
1355 3662 1530 3736 facis
1581 3662 1771 3736 istud
1823 3662 1964 3737 iter
1991 3666 2023 3733 ‘t
2055 3662 2144 3735 Et
2182 3667 2397 3756 poeta
2453 3662 2839 3756 respondet
2868 3652 2971 3759 (⁴),

623 3784 992 3880 appellans
1043 3803 1220 3857 eum
1274 3781 1572 3857 nomine
1622 3782 1918 3878 proprio
1967 3800 2060 3855 ex
2115 3802 2385 3877 magna
2436 3782 2843 3877 affectione,
2897 3790 2973 3858 et

627 3907 834 3982 dicit:
893 3908 1164 3979 casella
1214 3908 1374 3977 mio.
1429 3901 1535 3977 Ad
1587 3903 1783 3996 quod
1833 3902 2213 3977 sciendum
2265 3903 2464 3997 quod
2500 3903 2633 3978 iste
2678 3904 2972 3997 spiritus

627 4048 802 4103 cum
854 4046 1004 4121 quo
1053 4031 1276 4101 autor
1328 4030 1478 4098 tam
1539 4022 2018 4098 amicabiliter
2076 4022 2404 4116 loquitur
2474 4024 2609 4097 fuit
2670 4025 2969 4118 quidam

625 4169 809 4221 suus
857 4146 1288 4221 florentinus
1337 4144 1634 4218 nomine
1687 4144 1989 4238 Casella,
2025 4143 2152 4238 qui
2185 4143 2321 4217 fuit
2354 4142 2677 4218 famosus
2716 4150 2975 4218 cantor

628 4276 965 4364 tempore
1031 4288 1193 4362 suo,
1261 4265 1378 4341 vir
1439 4264 1736 4360 quidem
1805 4264 2121 4358 curialiS‚
2191 4263 2522 4359 affabiliS,
2586 4264 2680 4339 ad
2748 4284 2972 4358 quem

629 4389 898 4463 Dantes
962 4407 1158 4482 saepe
1216 4386 1496 4461 solebat
1543 4383 1913 4460 accedere
1981 4384 2057 4458 in
2117 4385 2267 4459 vita
2328 4384 2421 4458 ad
2486 4385 2974 4459 recreandum

629 4509 964 4604 spiritum
1029 4514 1249 4583 cantu
1304 4506 1519 4602 illius,
1571 4505 1866 4599 quando
1927 4512 2086 4579 erat
2150 4504 2493 4601 fatigatus
2543 4504 2803 4599 studio,
2857 4506 2977 4581 vel

627 4629 1044 4703 stimulatus
1094 4627 1429 4724 passione
1479 4626 1774 4702 amoris,
1834 4626 2004 4701 Ideo
2071 4633 2285 4721 poeta
2346 4625 2739 4701 introducit
2799 4648 2973 4702 eum

629 4751 770 4844 hic,
821 4750 996 4843 quia
1047 4751 1367 4824 multum
1418 4747 1589 4823 facit
1636 4746 1732 4823 ad
1781 4747 2239 4843 propositum
2290 4768 2537 4842 suum,
2592 4754 2673 4822 ut
2730 4749 2973 4823 statim

629 4871 924 4947 videbis,
977 4872 1128 4946 Nec
1176 4870 1397 4963 dicaS,
1447 4869 1635 4944 sicut
1684 4868 1929 4943 audivi
1979 4868 2074 4943 ab
2125 4868 2515 4962 aliquibuS,
2550 4869 2761 4941 multi
2813 4869 2979 4944 sue-

756 5057 813 5121 (¹)
846 5062 954 5119 11⁷,
985 5062 1379 5122 recognoverat.
1781 5053 1839 5118 (¹)
1871 5056 1933 5106 E.
1965 5056 2267 5107 conabatur.

759 5136 814 5199 (⁸)
845 5136 898 5185 S.
929 5139 1159 5199 aspectu.
1787 5134 1842 5199 (⁸)
1873 5134 1936 5185 E.
1969 5135 2253 5198 respondit.
