4392 6850
1525 932 1667 1000 49⁰
2243 942 2648 997 coma-uu
2698 940 3144 995 ruam-mnu

1518 1091 1763 1165 carius
1824 1090 2041 1164 Petri.
2104 1090 2422 1163 Demum
2485 1086 2899 1163 F‘ridericus
2951 1106 3087 1182 pro
3137 1084 3626 1160 satisfactione
3689 1106 3859 1159 cum

1520 1212 1868 1286 universo
1934 1210 2265 1318 exercitu
2345 1208 2678 1283 transivit
2757 1208 2832 1281 in
2895 1206 3182 1303 Syriam
3249 1206 3345 1280 ad
3417 1206 3860 1301 redemptio-

1522 1352 1692 1407 nem
1724 1324 1797 1425 (⁴)
1834 1330 2081 1425 'ljerrae
2114 1329 2421 1422 Sanctae,
2459 1335 2534 1404 et
2581 1328 2982 1403 suffocatus
3016 1327 3235 1403 estin
3275 1327 3580 1402 flumine
3613 1327 3862 1401 Antio-

1520 1451 1729 1545 chiae,
1780 1472 1952 1525 cum
2006 1472 2087 1526 se
2135 1451 2418 1525 lavaret
2467 1449 2714 1524 calore
2763 1448 3034 1525 aestivo,
3093 1448 3302 1521 Nunc
3361 1447 3718 1522 veniendo
3769 1448 3858 1521 ad

1520 1570 2057 1665 literam,·dicit
2108 1571 2244 1645 iste
2293 1569 2621 1665 spiritus:
2685 1574 2766 1641 Io
2823 1572 2933 1662 sui
2989 1568 3216 1657 abate,
3267 1573 3342 1641 et
3392 1575 3694 1641 vocatus
3753 1574 3863 1641 est

1520 1692 1748 1766 abbas
1795 1691 2159 1785 AlbertuS,
2215 1690 2328 1764 vir
2377 1688 2616 1764 bonus
2667 1688 3000 1761 moribus
3047 1693 3124 1762 et
3172 1688 3356 1761 vita:
3405 1706 3656 1781 quem,
3691 1686 3862 1781 quia

1524 1818 1769 1906 poeta.
1792 1817 2099 1885 noverat
2126 1802 2202 1903 (¹)
2247 1808 2468 1885 fuisse
2501 1808 2714 1883 valde
2747 1806 3190 1882 accidiosum
3233 1810 3404 1900 (quo
3445 1807 3622 1881 vitio
3655 1808 3860 1881 labo·

1520 1937 1687 2006 rant
1722 1932 1933 2004 multi
1966 1930 2268 2025 praelati)
2305 1929 2468 2005 ideo
2505 1928 2743 2023 ipsum
2781 1928 3172 2002 introducit
3225 1910 3364 2000 hic*
3397 1928 3502 2001 sic
3549 1928 3859 2020 loquen-

1521 2058 1693 2127 tem.
1746 2052 1836 2125 Et
1883 2050 2111 2147 tangit
2162 2051 2432 2142 locum,
2468 2048 2760 2124 dicens:
2795 2050 2872 2121 in
2905 2052 3050 2121 San
3091 2054 3274 2121 Zeno
3310 2067 3359 2118 a
3407 2052 3698 2120 Verona.
3753 2046 3858 2121 Ad

1520 2172 1716 2267 quod
1768 2171 2194 2264 notandum,
2246 2169 2446 2264 quod
2496 2170 2688 2243 Zeno
2739 2168 2876 2242 fuit
2925 2174 3230 2243 octavus
3289 2168 3669 2263 episcopus
3716 2168 3859 2242 Ve—

1520 2310 1724 2366 ronae
1770 2312 1965 2365 anno
2017 2289 2300 2364 Domini
2346 2288 2610 2381 CLXV,
2647 2288 3064 2383 pontificatu
3109 2287 3428 2383 Dionysii
3481 2306 3705 2383 papae,
3751 2286 3860 2360 vir

1520 2432 1810 2509 magnae
1856 2410 2276 2503 sanctitatiS,
2313 2409 2655 2504 scientiae,
2697 2418 2774 2484 et
2813 2409 3287 2503 eloquentiae3
3321 2402 3456 2502 'qui
3510 2408 3742 2481 multa
3783 2413 3856 2481 et

1520 2533 1775 2628 pulcra
1828 2531 2204 2605 volumina
2237 2529 2460 2604 edidit
2500 2530 2573 2603 in
2625 2548 2832 2605 sacra
2865 2529 3134 2623 scriptu
3148 2550 3250 2605 ra.
3287 2528 3471 2602 Nota
3501 2519 3576 2621 (³)
3603 2526 3856 2632 etiam,

1520 2653 1721 2748 quod
1770 2658 2065 2727 sanctus
2116 2652 2309 2725 Zeno
2361 2656 2473 2725 est
2523 2648 2596 2723 in
2648 2651 2881 2724 tribus
2916 2650 3092 2725 locis
3135 2644 3558 2743 in'Verona,
3591 2648 3859 2723 scilicet

1522 2774 1597 2849 in
1636 2782 1929 2867 monte3
1965 2772 2150 2845 alius
2172 2772 2388 2867 juxta
2422 2770 2774 2863 Athesim,
2815 2778 2890 2845 et
2927 2778 3038 2845 est
3077 2790 3391 2865 parvum
3426 2766 3854 2858 oratorium,

1522 2894 1679 2969 sive
1728 2913 1955 2989 parva
2006 2890 2330 2986 capella:
2367 2897 2441 2965 et
2473 2890 2566 2965 de
2599 2891 2736 2965 isto
2777 2890 3024 2983 credo,
3059 2889 3257 2983 quod
3309 2910 3455 2963 non
3504 2890 3851 2983 loquatur

1518 3013 1781 3089 beatus
1823 3011 2224 3109 Gregorius
2273 3010 2348 3084 in
2400 3011 2872 3107 Dialogorum
2926 3010 3136 3101 libro,
3181 3008 3306 3082 ubi
3354 3008 3622 3102 scribit,
3660 3007 3850 3101 quod

1516 3154 1693 3208 cum
1746 3133 1974 3207 semel
2024 3131 2308 3206 Athesis
2341 3130 2608 3205 fluvius
2651 3130 3074 3204 inundasset
3113 3130 3478 3204 civitatem
3524 3131 3853 3219 Veronae,

1514 3274 1712 3348 aqua
1780 3274 1925 3327 non
1978 3252 2296 3325 intrabat
2348 3272 2478 3346 per
2529 3251 2882 3325 fenestras
2949 3250 3273 3325 ecclesiae
3349 3250 3576 3324 sancti
3629 3252 3854 3323 Zeno—

1518 3373 1673 3448 nis:
1727 3380 1802 3449 et
1860 3380 1969 3448 est
2022 3372 2280 3448 tertius
2329 3376 2624 3447 sanctus
2674 3372 2866 3446 Zeno
2934 3370 3151 3466 longe
3199 3390 3244 3444 a
3293 3369 3597 3444 flumine
3648 3370 3851 3464 quasi

1516 3505 1651 3590 per·
1688 3496 1972 3590 jactum
2038 3494 2183 3587 teli,
2235 3493 2448 3568 cuius
2507 3491 2809 3567 ecclesia
2871 3492 3153 3565 nullam
3217 3491 3358 3564 vidi
3408 3490 3848 3586 pulcriorem

1516 3615 1589 3688 in
1642 3615 1953 3689 Verona.
2007 3615 2095 3687 Et
2142 3613 2238 3688 de
2288 3613 2426 3687 isto
2475 3612 2692 3688 debet
2752 3613 3048 3708 intelligi
3117 3612 3232 3685 hic
3295 3632 3428 3706 per
3489 3613 3853 3688 excellen-

1521 3735 1721 3828 tiam,
1772 3739 1845 3809 et
1895 3735 2069 3828 quia
2120 3735 2279 3808 baec
2341 3732 2650 3808 ecclesia
2705 3732 2924 3806 habet
2975 3733 3397 3824 monachoS,
3451 3736 3526 3806 et
3575 3731 3669 3804 ibi
3723 3723 3854 3804 tuit

1516 3855 1744 3928 abbas
1794 3854 1929 3929 iste
1978 3853 2344 3946 AlbertuS,
2395 3853 2522 3947 qui
2575 3852 2690 3926 hic
2741 3851 3089 3946 loquitur.
3141 3852 3228 3924 Et
3275 3850 3617 3925 describit
3667 3857 3855 3925 tem-

1517 3995 1657 4070 pus
1714 3995 1759 4048 a
1819 3973 2165 4068 principe,
2217 3973 2500 4046 dicens:
2551 3979 2730 4045 sotto
2779 3974 2824 4044 l'
2851 3974 3146 4064 imperio
3193 3973 3309 4044 del
3353 3971 3534 4044 buon
3573 3972 3853 4043 Barba·-

1515 4113 1728 4166 rossa
1742 4118 1772 4184 ,-
1814 4099 2029 4168 vocat
2062 4093 2514 4167 Fridericum
2561 4091 2862 4183 bonum,
2904 4078 3076 4184 quia
3121 4091 3256 4165 fuit
3297 4091 3408 4164 vir
3460 4091 3852 4182 virtuosus,

1508 4219 1885 4308 strenuus,
1963 4213 2215 4309 largus
2289 4211 2778 4306 triumphator
2839 4218 2915 4286 et
2973 4231 3284 4306 corpore
3334 4213 3609 4305 pulcer,
3677 4219 3754 4285 et
3807 4229 3850 4283 a

1514 4334 1765 4408 colore
1814 4332 2326 4408 denominatus
2387 4339 2498 4408 est
2561 4333 3035 4406 Barbaros-sa.
3103 4333 3186 4405 Et
3245 4333 3474 4428 tangit
3533 4332 3851 4427 singula—

1514 4473 1677 4528 rem
1732 4453 2109 4528 victoriam
2174 4454 2358 4546 eius,
2409 4453 2700 4528 dicens:
2753 4457 2831 4527 di
2877 4457 2989 4527 cui
3034 4457 3302 4527 dolente
3359 4473 3582 4526 ancor
3633 4455 3850 4525 Milan

1508 4578 1863 4667 rayiona5
1915 4575 2087 4670 quia
2140 4575 2473 4649 dolenter
2528 4582 2891 4649 memorat
2943 4575 3232 4648 ruinam
3272 4595 3506 4648 suam.
3542 4574 3729 4648 Nam
3771 4573 3838 4646 in

1510 4693 1671 4768 eius
1722 4695 2105 4770 eversione
2156 4694 2580 4792 octuaginta
2629 4695 2780 4768 duo
2831 4695 3050 4770 millia
3105 4694 3488 4768 hominum
3527 4692 3847 4789 dispersa

1510 4813 1897 4907 dicuntur3
1936 4815 2033 4888 ita
2070 4822 2151 4888 ut
2198 4815 2420 4910 aliqui
2457 4814 2929 4890 transiverint
2959 4814 3052 4888 ad
3091 4815 3444 4890 barbaras
3485 4815 3844 4888 nationes:

1642 5074 1699 5139 (¹)
1730 5073 1793 5126 Β.
1824 5077 2289 5140 recuperationem.
2470 5073 2526 5136 (²)
2559 5075 2620 5124 Β.
2652 5079 2956 5138 agnoverat.
3117 5071 3172 5136 (¹)
3208 5077 3316 5134 117,
3351 5073 3648 5124 Notandum
3677 5071 3848 5123 etiam.
