4392 6850
1453 932 1597 999 296
2172 940 2581 995 comm-run
2630 939 3072 995 runoxronu

1449 1320 1782 1389 OANTUS
1827 1319 2209 1387 DECIMUS
2254 1320 2599 1400 PRIMUS,
2646 1323 2720 1385 in
2764 1340 2883 1403 quo
2928 1325 3163 1386 tradat
3194 1319 3271 1385 de
3300 1318 3533 1385 eisdem
3576 1337 3795 1400 super-

1604 1434 1701 1499 bis
1746 1432 2111 1499 canentibus
2153 1432 2359 1497 Pater
2398 1438 2615 1497 noster
2656 1432 3031 1515 royantibus
3092 1450 3198 1497 eos
3253 1436 3327 1495 ut
3370 1434 3633 1513 prevent
3664 1449 3791 1511 pro

1605 1546 1698 1609 eis
1725 1544 1840 1609 sub
1883 1544 2065 1609 titulo
2095 1542 2433 1609 Humberti
2464 1544 2541 1608 de
2573 1542 2757 1609 Senis
2792 1548 2852 1608 et
2880 1542 3152 1609 aliorum
3185 1541 3561 1622 multorum3
3598 1546 3659 1606 et
3700 1540 3799 1606 hic

1606 1656 1889 1722 declarat
1917 1656 2207 1721 dominus
2236 1656 2696 1721 Proveneanus
2725 1653 2995 1721 Salvam·
3034 1654 3113 1719 de
3154 1652 3339 1721 Senis
3384 1655 3547 1719 simet
3574 1654 3793 1719 inanis

1607 1766 1819 1851 yloria
1861 1767 2084 1831 mundi
2127 1771 2219 1831 est
2260 1772 2499 1831 ventus,

1599 2069 1936 2233 Runa
1985 2168 2229 2233 nostro
2278 2161 2397 2232 che
2443 2162 2557 2233 nei
2602 2161 2757 2231 cieli
2800 2160 2957 2233 stai.
3006 2158 3404 2251 Postquam
3454 2156 3529 2228 in
3582 2176 3801 2251 supe-

1451 2282 1626 2355 riori
1679 2280 1994 2376 capitulo
2047 2280 2383 2375 proxime
2434 2278 2871 2373 praecedenti
2912 2284 3125 2373 poeta
3164 2284 3412 2352 noster
3461 2276 3801 2350 tractavit

1450 2408 1526 2475 et
1591 2401 2104 2475 determinavit
2170 2400 2263 2475 de
2326 2400 2677 2493 qualitate
2736 2405 2813 2473 et
2880 2418 3097 2492 poena
3162 2396 3657 2491 superborum
3722 2395 3797 2469 in

1450 2521 1826 2619 generali3
1883 2541 2076 2595 nuno
2127 2527 2667 2614 consequenter
2716 2519 2791 2592 in
2842 2519 2979 2593 isto
3030 2517 3349 2613 capitulo
3384 2517 3481 2590 Xl
3523 2516 3674 2611 agit
3722 2523 3799 2590 et
3894 2515 3897 2518 ’

1453 2648 1718 2716 tractat
1767 2642 1859 2715 de
1909 2641 2181 2715 eisdem
2238 2638 2570 2734 superbis
2606 2640 2678 2713 in
2711 2638 3023 2733 speciali.
3062 2640 3149 2711 Et
3182 2644 3417 2711 totum
3473 2656 3793 2730 praesens

1451 2761 1854 2857 capitulum
1909 2766 2145 2855 potest
2196 2759 2523 2833 breviter
2572 2759 2789 2832 dividi
2854 2760 2925 2831 in
2987 2764 3309 2852 quatuor
3368 2764 3613 2851 partes
3662 2776 3793 2851 ge·

1455 2883 1784 2975 nerales;
1850 2882 1923 2953 in
1989 2881 2225 2976 prima
2276 2900 2594 2973 quarum
2660 2879 3033 2973 praemittit
3093 2878 3501 2954 orationem
3571 2898 3796 2972 quam

1453 3011 1746 3079 cantant
1797 3002 1908 3076 isti
1961 3001 2279 3096 superbi.
2333 3001 2411 3074 In
2463 3001 2783 3075 secunda
2846 3000 3237 3075 introducit
3298 3020 3533 3073 unum
3586 2998 3801 3093 spiri-

1455 3131 1614 3197 tum
1699 3123 2139 3197 modernum
2210 3122 2637 3217 superbum,
2703 3122 2983 3195 ratione
3046 3121 3551 3217 generositatis
3626 3141 3796 3194 san·-

1451 3244 1713 3340 guiniS‚
1742 3244 1874 3317 ibi:
1905 3245 2094 3317 Dela!
2117 3264 2192 3315 se
2221 3246 2568 3333 qiustizia.
2598 3243 2675 3314 In
2715 3242 2925 3315 tertia
2962 3239 3789 3315 introducit'secundum

1451 3365 1785 3460 spiritum
1842 3363 2281 3438 modernum
2326 3362 2730 3457 superbum
2784 3368 2859 3436 et
2910 3382 3185 3435 vanum
3236 3360 3514 3436 ratione
3544 3353 3617 3453 (¹)
3664 3382 3792 3436 ex-

1453 3486 1808 3560 cellentiae
1857 3485 2058 3578 artis,
2104 3483 2241 3556 ibi:
2279 3485 2721 3556 Αεοοιιαηάο.
2775 3482 2857 3555 ln
2910 3488 3171 3576 quarta
3214 3482 3609 3556 introducit
3649 3488 3796 3556 ter-

1454 3605 1638 3679 tium
1692 3605 2024 3699 spiritum
2080 3603 2519 3678 modernum
2572 3601 2975 3696 superbum
3028 3601 3312 3674 ratione
3352 3601 3694 3696 potentiae
3724 3608 3795 3674 et

1452 3731 1683 3798 status
1735 3723 2178 3818 temporalis,
2232 3722 2365 3796 ibi:
2426 3724 2643 3820 colui,
2694 3724 2813 3794 che
2860 3724 2976 3794 del
3019 3725 3272 3794 camin.
3318 3721 3423 3795 Ad
3475 3721 3793 3816 primum

1455 3845 1756 3920 veniens
1804 3845 1990 3938 dico,
2043 3843 2243 3936 quod
2294 3850 2507 3938 poeta
2566 3841 2939 3936 praemittit
3002 3841 3409 3916 orationem
3442 3832 3517 3934 (²)
3571 3863 3793 3935 quam

1454 3972 1753 4040 cantant
1803 3965 1914 4038 isti
1968 3964 2287 4060 superbi,
2326 3963 2521 4058 quia,
2564 3964 2855 4057 scilicet,
2892 3971 3187 4040 cantant
3226 3963 3633 4038 orationem
3669 3963 3797 4037 do-

1457 4086 1822 4180 minicam,
1874 4086 2232 4159 dicentes:
2288 4090 2501 4158 Pater
2552 4093 2807 4159 noster.
2860 4085 2997 4158 Sed
3048 4091 3448 4179 antequam
3502 4067 3791 4158 veniam

1453 4207 1546 4280 ad
1599 4207 2120 4302 expositionem
2176 4206 2430 4300 literae,
2482 4213 2593 4280 est
2654 4205 2894 4301 primo
2960 4205 3534 4300 praevidendum,
3600 4203 3795 4298 quod

1311 4327 1320 4341 ‘
1455 4328 1678 4421 aliqui
1717 4327 1954 4400 mirati
1992 4335 2183 4420 sunt,
2214 4329 2363 4400 imo
2398 4325 2606 4420 quasi
2645 4325 3097 4421 truffati‚cur
3123 4333 3339 4421 poeta
3374 4326 3648 4400 inserat
3682 4326 3795 4400 hic

1454 4447 1664 4521 istam
1704 4447 2111 4521 orationem
2151 4467 2652 4540 communem,
2707 4468 2931 4541 quam
2984 4447 3223 4521 sciunt
3272 4466 3531 4520 omnes
3584 4445 3789 4540 pueri

1454 4574 1529 4642 et
1579 4568 1856 4662 puellae.
1909 4566 2014 4640 Ad
2067 4566 2265 4660 quod
2327 4567 2510 4661 dico,
2565 4567 2759 4661 quod
2828 4587 2974 4641 non
3035 4566 3407 4660 inutiliter,
3462 4587 3607 4640 non
3670 4587 3796 4640 su-

1450 4689 1733 4782 perflue
1784 4689 1924 4761 hoc
1977 4687 2164 4782 fecit,
2220 4709 2391 4762 cum
2424 4689 2519 4761 in
2570 4709 2659 4762 ea
2710 4688 2851 4761 sint
2888 4689 3094 4761 multi
3130 4709 3386 4783 passus
3422 4709 3567 4762 non
3603 4687 3791 4761 bene

1572 4927 1590 5063 ἓ
1612 4927 1627 4984 )
1663 4929 1770 4987 117,
1803 4926 2004 4976 ratione
2037 4927 2339 4976 excellentis
2370 4928 2512 4987 artis,
2546 4927 2633 4978 ibi.

1593 4924 1607 4952 ί

1453 5076 1553 5128 Sed
1593 4999 1630 5063 ¹)
1665 5001 1724 5051 E.
1761 5003 2050 5052 orationem
2085 5003 2415 5066 dominicam,
2439 5017 2595 5068 quam
2619 5009 2825 5054 cantant
2856 5005 2937 5055 isti
2970 5004 3197 5068 superbi,
3216 5000 3415 5052 scilicet
3435 5001 3595 5051 Pater
3610 5007 3790 5052 mter.

1587 5084 1881 5142 antequam.
