<?xml version="1.0" encoding="UTF-8"?>
<!DOCTYPE html PUBLIC "-//W3C//DTD XHTML 1.0 Transitional//EN"
    "http://www.w3.org/TR/xhtml1/DTD/xhtml1-transitional.dtd">
<html xmlns="http://www.w3.org/1999/xhtml" xml:lang="en" lang="en">
 <head>
  <title>
</title>
<meta http-equiv="Content-Type" content="text/html;charset=utf-8" />
  <meta name='ocr-system' content='tesseract 3.04.00' />
  <meta name='ocr-capabilities' content='ocr_page ocr_carea ocr_par ocr_line ocrx_word'/>
</head>
<body>
  <div class='ocr_page' id='page_1' title='image "./comentumsuperda02unkngoog_0092.png"; bbox 0 0 4392 6850; ppageno 0'>
   <div class='ocr_carea' id='block_1_1' title="bbox 1409 919 3031 986">
    <p class='ocr_par' dir='ltr' id='par_1_1' title="bbox 1409 919 3031 986">
     <span class='ocr_line' id='line_1_1' title="bbox 1409 919 3031 986; baseline -0.002 0"><span class='ocrx_word' id='word_1_1' title='bbox 1409 919 1504 986; x_wconf 84' lang='lat'>80</span> <span class='ocrx_word' id='word_1_2' title='bbox 2130 928 2541 983; x_wconf 72' lang='lat' dir='ltr'>commum</span> <span class='ocrx_word' id='word_1_3' title='bbox 2588 929 3031 984; x_wconf 71' lang='lat' dir='ltr'>Puaeuoau</span> 
     </span>
    </p>
   </div>
   <div class='ocr_carea' id='block_1_2' title="bbox 1397 1074 3859 3819">
    <p class='ocr_par' dir='ltr' id='par_1_2' title="bbox 1397 1074 3859 3819">
     <span class='ocr_line' id='line_1_2' title="bbox 1401 1074 3762 1172; baseline -0.001 -20"><span class='ocrx_word' id='word_1_4' title='bbox 1401 1075 1530 1152; x_wconf 69' lang='lat' dir='ltr'>che*</span> <span class='ocrx_word' id='word_1_5' title='bbox 1559 1079 1830 1150; x_wconf 78' lang='lat' dir='ltr'>assaliti</span> <span class='ocrx_word' id='word_1_6' title='bbox 1875 1095 2008 1148; x_wconf 81' lang='lat' dir='ltr'>son</span> <span class='ocrx_word' id='word_1_7' title='bbox 2057 1078 2156 1148; x_wconf 87' lang='lat' dir='ltr'>da</span> <span class='ocrx_word' id='word_1_8' title='bbox 2206 1077 2537 1165; x_wconf 63' lang='lat' dir='ltr'>maggior</span> <span class='ocrx_word' id='word_1_9' title='bbox 2584 1095 2787 1168; x_wconf 81' lang='lat' dir='ltr'>cura,</span> <span class='ocrx_word' id='word_1_10' title='bbox 2828 1074 3123 1170; x_wconf 88' lang='lat' dir='ltr'>scilicet,</span> <span class='ocrx_word' id='word_1_11' title='bbox 3162 1074 3485 1172; x_wconf 82' lang='lat' dir='ltr'>fugiendi</span> <span class='ocrx_word' id='word_1_12' title='bbox 3528 1097 3762 1150; x_wconf 89' lang='lat' dir='ltr'>nocu-</span> 
     </span>
     <span class='ocr_line' id='line_1_3' title="bbox 1415 1195 3859 1291; baseline -0.001 -18"><span class='ocrx_word' id='word_1_13' title='bbox 1415 1206 1777 1291; x_wconf 84' lang='lat' dir='ltr'><strong>mentum,</strong></span> <span class='ocrx_word' id='word_1_14' title='bbox 1830 1217 2001 1290; x_wconf 87' lang='lat' dir='ltr'>quae</span> <span class='ocrx_word' id='word_1_15' title='bbox 2051 1201 2162 1272; x_wconf 90' lang='lat' dir='ltr'>est</span> <span class='ocrx_word' id='word_1_16' title='bbox 2212 1195 2450 1271; x_wconf 89' lang='lat' dir='ltr'>maior</span> <span class='ocrx_word' id='word_1_17' title='bbox 2510 1217 2691 1270; x_wconf 89' lang='lat' dir='ltr'>cura</span> <span class='ocrx_word' id='word_1_18' title='bbox 2752 1217 2979 1290; x_wconf 90' lang='lat' dir='ltr'>quam</span> <span class='ocrx_word' id='word_1_19' title='bbox 3046 1195 3137 1269; x_wconf 88' lang='lat' dir='ltr'>sit</span> <span class='ocrx_word' id='word_1_20' title='bbox 3187 1216 3367 1270; x_wconf 86' lang='lat' dir='ltr'>cura</span> <span class='ocrx_word' id='word_1_21' title='bbox 3434 1197 3764 1291; x_wconf 87' lang='lat' dir='ltr'>capiendi</span> <span class='ocrx_word' id='word_1_22' title='bbox 3848 1207 3859 1222; x_wconf 88' lang='lat'><strong>·</strong></span> 
     </span>
     <span class='ocr_line' id='line_1_4' title="bbox 1410 1316 3760 1410; baseline -0.002 -15"><span class='ocrx_word' id='word_1_23' title='bbox 1410 1319 1682 1395; x_wconf 90' lang='lat' dir='ltr'>cibum.</span> <span class='ocrx_word' id='word_1_24' title='bbox 1725 1316 1926 1392; x_wconf 84' lang='lat' dir='ltr'><strong>Unde</strong></span> <span class='ocrx_word' id='word_1_25' title='bbox 1960 1316 2166 1391; x_wconf 88' lang='lat' dir='ltr'>dicit:</span> <span class='ocrx_word' id='word_1_26' title='bbox 2218 1339 2293 1390; x_wconf 83' lang='lat' dir='ltr'>se</span> <span class='ocrx_word' id='word_1_27' title='bbox 2330 1337 2501 1390; x_wconf 82' lang='lat' dir='ltr'>cosa</span> <span class='ocrx_word' id='word_1_28' title='bbox 2534 1338 2807 1410; x_wconf 82' lang='lat' dir='ltr'><strong><em>appare</em></strong></span> <span class='ocrx_word' id='word_1_29' title='bbox 2840 1319 3009 1391; x_wconf 77' lang='lat' dir='ltr'>ond&#39;</span> <span class='ocrx_word' id='word_1_30' title='bbox 3026 1319 3164 1407; x_wconf 67' lang='lat' dir='ltr'>eali</span> <span class='ocrx_word' id='word_1_31' title='bbox 3201 1317 3455 1390; x_wconf 80' lang='lat' dir='ltr'>abbian</span> <span class='ocrx_word' id='word_1_32' title='bbox 3488 1339 3760 1410; x_wconf 77' lang='lat' dir='ltr'>patera,</span> 
     </span>
     <span class='ocr_line' id='line_1_5' title="bbox 1407 1437 3760 1534; baseline -0.002 -20"><span class='ocrx_word' id='word_1_33' title='bbox 1407 1439 1616 1534; x_wconf 82' lang='lat' dir='ltr'>quasi</span> <span class='ocrx_word' id='word_1_34' title='bbox 1667 1438 1896 1514; x_wconf 85' lang='lat' dir='ltr'>dicat:</span> <span class='ocrx_word' id='word_1_35' title='bbox 1945 1437 2003 1512; x_wconf 91' lang='lat' dir='ltr'>si</span> <span class='ocrx_word' id='word_1_36' title='bbox 2048 1437 2309 1512; x_wconf 89' lang='lat' dir='ltr'>timent</span> <span class='ocrx_word' id='word_1_37' title='bbox 2358 1437 2451 1512; x_wconf 89' lang='lat' dir='ltr'>de</span> <span class='ocrx_word' id='word_1_38' title='bbox 2502 1438 2740 1512; x_wconf 87' lang='lat' dir='ltr'>salute</span> <span class='ocrx_word' id='word_1_39' title='bbox 2788 1457 2945 1513; x_wconf 89' lang='lat' dir='ltr'>sua.</span> <span class='ocrx_word' id='word_1_40' title='bbox 3000 1437 3087 1511; x_wconf 93' lang='lat' dir='ltr'>Et</span> <span class='ocrx_word' id='word_1_41' title='bbox 3136 1437 3255 1512; x_wconf 88' lang='lat' dir='ltr'>hic</span> <span class='ocrx_word' id='word_1_42' title='bbox 3302 1443 3476 1513; x_wconf 86' lang='lat' dir='ltr'>nota</span> <span class='ocrx_word' id='word_1_43' title='bbox 3519 1459 3760 1532; x_wconf 91' lang='lat' dir='ltr'>quan-</span> 
     </span>
     <span class='ocr_line' id='line_1_6' title="bbox 1405 1557 3856 1653; baseline 0.001 -21"><span class='ocrx_word' id='word_1_44' title='bbox 1405 1565 1566 1633; x_wconf 89' lang='lat' dir='ltr'>tum</span> <span class='ocrx_word' id='word_1_45' title='bbox 1621 1557 2075 1652; x_wconf 88' lang='lat' dir='ltr'>comparatio</span> <span class='ocrx_word' id='word_1_46' title='bbox 2126 1557 2475 1652; x_wconf 81' lang='lat' dir='ltr'>praedicta</span> <span class='ocrx_word' id='word_1_47' title='bbox 2506 1557 2625 1646; x_wconf 19' lang='lat' dir='ltr'>‘sit</span> <span class='ocrx_word' id='word_1_48' title='bbox 2683 1559 2941 1653; x_wconf 86' lang='lat' dir='ltr'>pulcra</span> <span class='ocrx_word' id='word_1_49' title='bbox 3002 1562 3075 1631; x_wconf 93' lang='lat' dir='ltr'>et</span> <span class='ocrx_word' id='word_1_50' title='bbox 3138 1557 3454 1653; x_wconf 87' lang='lat' dir='ltr'>propria.</span> <span class='ocrx_word' id='word_1_51' title='bbox 3509 1559 3761 1632; x_wconf 87' lang='lat' dir='ltr'>Primo</span> <span class='ocrx_word' id='word_1_52' title='bbox 3852 1631 3856 1634; x_wconf 81' lang='grc'><em>,</em></span> 
     </span>
     <span class='ocr_line' id='line_1_7' title="bbox 1404 1678 3756 1774; baseline -0.001 -20"><span class='ocrx_word' id='word_1_53' title='bbox 1404 1678 1703 1774; x_wconf 89' lang='lat' dir='ltr'>quidem</span> <span class='ocrx_word' id='word_1_54' title='bbox 1755 1678 2078 1754; x_wconf 84' lang='lat' dir='ltr'><strong>columbi</strong></span> <span class='ocrx_word' id='word_1_55' title='bbox 2131 1685 2305 1752; x_wconf 87' lang='lat' dir='ltr'>sunt</span> <span class='ocrx_word' id='word_1_56' title='bbox 2361 1679 2617 1774; x_wconf 86' lang='lat' dir='ltr'>pulcri,</span> <span class='ocrx_word' id='word_1_57' title='bbox 2670 1679 2895 1774; x_wconf 88' lang='lat' dir='ltr'>politi,</span> <span class='ocrx_word' id='word_1_58' title='bbox 2958 1679 3303 1773; x_wconf 86' lang='lat' dir='ltr'>amorosi‚</span> <span class='ocrx_word' id='word_1_59' title='bbox 3370 1679 3756 1772; x_wconf 84' lang='lat' dir='ltr'>mansueti,</span> 
     </span>
     <span class='ocr_line' id='line_1_8' title="bbox 1404 1799 3763 1903; baseline -0.001 -28"><span class='ocrx_word' id='word_1_60' title='bbox 1404 1807 1481 1876; x_wconf 93' lang='lat' dir='ltr'>et</span> <span class='ocrx_word' id='word_1_61' title='bbox 1532 1800 1714 1873; x_wconf 88' lang='lat' dir='ltr'>tales</span> <span class='ocrx_word' id='word_1_62' title='bbox 1763 1806 1936 1872; x_wconf 90' lang='lat' dir='ltr'>sunt</span> <span class='ocrx_word' id='word_1_63' title='bbox 1975 1799 2475 1903; x_wconf 84' lang='lat' dir='ltr'>communiter</span> <span class='ocrx_word' id='word_1_64' title='bbox 2526 1799 2641 1872; x_wconf 90' lang='lat' dir='ltr'>isti</span> <span class='ocrx_word' id='word_1_65' title='bbox 2692 1806 3031 1874; x_wconf 86' lang='lat' dir='ltr'>cantores</span> <span class='ocrx_word' id='word_1_66' title='bbox 3082 1806 3157 1874; x_wconf 91' lang='lat' dir='ltr'>et</span> <span class='ocrx_word' id='word_1_67' title='bbox 3206 1801 3637 1894; x_wconf 72' lang='lat' dir='ltr'>pulsatores,</span> <span class='ocrx_word' id='word_1_68' title='bbox 3674 1805 3763 1872; x_wconf 94' lang='lat' dir='ltr'>ut</span> 
     </span>
     <span class='ocr_line' id='line_1_9' title="bbox 1404 1919 3761 2016; baseline -0 -22"><span class='ocrx_word' id='word_1_69' title='bbox 1404 1919 1684 1994; x_wconf 89' lang='lat' dir='ltr'>dictum</span> <span class='ocrx_word' id='word_1_70' title='bbox 1737 1927 1848 1994; x_wconf 92' lang='lat' dir='ltr'>est</span> <span class='ocrx_word' id='word_1_71' title='bbox 1889 1920 2111 2015; x_wconf 89' lang='lat' dir='ltr'>paulo</span> <span class='ocrx_word' id='word_1_72' title='bbox 2146 1939 2369 2014; x_wconf 87' lang='lat' dir='ltr'>supra</span> <span class='ocrx_word' id='word_1_73' title='bbox 2404 1919 2498 1994; x_wconf 93' lang='lat' dir='ltr'>de</span> <span class='ocrx_word' id='word_1_74' title='bbox 2531 1919 2845 2016; x_wconf 87' lang='lat' dir='ltr'>Casella3</span> <span class='ocrx_word' id='word_1_75' title='bbox 2882 1926 2957 1995; x_wconf 90' lang='lat' dir='ltr'>et</span> <span class='ocrx_word' id='word_1_76' title='bbox 2992 1920 3181 1994; x_wconf 89' lang='lat' dir='ltr'>sicut</span> <span class='ocrx_word' id='word_1_77' title='bbox 3214 1919 3537 1994; x_wconf 83' lang='lat' dir='ltr'>columbi</span> <span class='ocrx_word' id='word_1_78' title='bbox 3580 1940 3761 1995; x_wconf 88' lang='lat' dir='ltr'>con-</span> 
     </span>
     <span class='ocr_line' id='line_1_10' title="bbox 1403 2039 3757 2138; baseline 0 -25"><span class='ocrx_word' id='word_1_79' title='bbox 1403 2040 1690 2138; x_wconf 83' lang='lat' dir='ltr'>gregati</span> <span class='ocrx_word' id='word_1_80' title='bbox 1739 2040 1814 2114; x_wconf 88' lang='lat' dir='ltr'>in</span> <span class='ocrx_word' id='word_1_81' title='bbox 1865 2061 2128 2135; x_wconf 89' lang='lat' dir='ltr'>campo</span> <span class='ocrx_word' id='word_1_82' title='bbox 2185 2041 2442 2116; x_wconf 90' lang='lat' dir='ltr'>intenti</span> <span class='ocrx_word' id='word_1_83' title='bbox 2508 2047 2911 2136; x_wconf 85' lang='lat' dir='ltr'>pascuntur</span> <span class='ocrx_word' id='word_1_84' title='bbox 2966 2039 3162 2115; x_wconf 90' lang='lat' dir='ltr'>dulci</span> <span class='ocrx_word' id='word_1_85' title='bbox 3222 2040 3410 2134; x_wconf 93' lang='lat' dir='ltr'>cibo,</span> <span class='ocrx_word' id='word_1_86' title='bbox 3473 2040 3573 2114; x_wconf 87' lang='lat' dir='ltr'>ita</span> <span class='ocrx_word' id='word_1_87' title='bbox 3640 2040 3757 2114; x_wconf 89' lang='lat' dir='ltr'>isti</span> 
     </span>
     <span class='ocr_line' id='line_1_11' title="bbox 1404 2159 3761 2257; baseline 0 -23"><span class='ocrx_word' id='word_1_88' title='bbox 1404 2160 1700 2255; x_wconf 88' lang='lat' dir='ltr'>spiritus</span> <span class='ocrx_word' id='word_1_89' title='bbox 1749 2159 2171 2257; x_wconf 85' lang='lat' dir='ltr'>congregati</span> <span class='ocrx_word' id='word_1_90' title='bbox 2226 2159 2302 2234; x_wconf 91' lang='lat' dir='ltr'>in</span> <span class='ocrx_word' id='word_1_91' title='bbox 2342 2161 2479 2236; x_wconf 84' lang='lat' dir='ltr'>isto</span> <span class='ocrx_word' id='word_1_92' title='bbox 2530 2162 2747 2257; x_wconf 89' lang='lat' dir='ltr'>plano</span> <span class='ocrx_word' id='word_1_93' title='bbox 2796 2161 3286 2255; x_wconf 87' lang='lat' dir='ltr'>pascebantur</span> <span class='ocrx_word' id='word_1_94' title='bbox 3332 2160 3590 2235; x_wconf 82' lang='lat' dir='ltr'>attenti</span> <span class='ocrx_word' id='word_1_95' title='bbox 3631 2159 3761 2234; x_wconf 90' lang='lat' dir='ltr'>de-</span> 
     </span>
     <span class='ocr_line' id='line_1_12' title="bbox 1405 2280 3759 2378; baseline 0 -25"><span class='ocrx_word' id='word_1_96' title='bbox 1405 2280 1716 2355; x_wconf 85' lang='lat' dir='ltr'>lectabili</span> <span class='ocrx_word' id='word_1_97' title='bbox 1769 2289 2024 2378; x_wconf 84' lang='lat' dir='ltr'>cantu3</span> <span class='ocrx_word' id='word_1_98' title='bbox 2063 2289 2138 2356; x_wconf 92' lang='lat' dir='ltr'>et</span> <span class='ocrx_word' id='word_1_99' title='bbox 2177 2281 2368 2355; x_wconf 88' lang='lat' dir='ltr'>sicut</span> <span class='ocrx_word' id='word_1_100' title='bbox 2415 2280 2738 2355; x_wconf 87' lang='lat' dir='ltr'>columbi</span> <span class='ocrx_word' id='word_1_101' title='bbox 2775 2280 2904 2374; x_wconf 90' lang='lat' dir='ltr'>qui</span> <span class='ocrx_word' id='word_1_102' title='bbox 2954 2280 3047 2355; x_wconf 90' lang='lat' dir='ltr'>de</span> <span class='ocrx_word' id='word_1_103' title='bbox 3098 2301 3177 2355; x_wconf 89' lang='lat' dir='ltr'>se</span> <span class='ocrx_word' id='word_1_104' title='bbox 3228 2287 3401 2354; x_wconf 89' lang='lat' dir='ltr'>sunt</span> <span class='ocrx_word' id='word_1_105' title='bbox 3452 2286 3759 2354; x_wconf 88' lang='lat' dir='ltr'>natura-</span> 
     </span>
     <span class='ocr_line' id='line_1_13' title="bbox 1401 2399 3761 2495; baseline 0 -22"><span class='ocrx_word' id='word_1_106' title='bbox 1401 2400 1570 2474; x_wconf 82' lang='lat' dir='ltr'>liter</span> <span class='ocrx_word' id='word_1_107' title='bbox 1620 2400 1923 2494; x_wconf 83' lang='lat' dir='ltr'>inquieti</span> <span class='ocrx_word' id='word_1_108' title='bbox 1975 2401 2404 2495; x_wconf 86' lang='lat' dir='ltr'>quietantur</span> <span class='ocrx_word' id='word_1_109' title='bbox 2454 2400 2546 2476; x_wconf 90' lang='lat' dir='ltr'>ad</span> <span class='ocrx_word' id='word_1_110' title='bbox 2594 2400 2874 2495; x_wconf 89' lang='lat' dir='ltr'>cibum,</span> <span class='ocrx_word' id='word_1_111' title='bbox 2913 2399 3014 2474; x_wconf 90' lang='lat' dir='ltr'>ita</span> <span class='ocrx_word' id='word_1_112' title='bbox 3054 2399 3169 2473; x_wconf 89' lang='lat' dir='ltr'>isti</span> <span class='ocrx_word' id='word_1_113' title='bbox 3212 2399 3508 2494; x_wconf 71' lang='lat' dir='ltr'>spiritus</span> <span class='ocrx_word' id='word_1_114' title='bbox 3558 2399 3761 2474; x_wconf 86' lang='lat' dir='ltr'>simi-</span> 
     </span>
     <span class='ocr_line' id='line_1_14' title="bbox 1401 2519 3761 2616; baseline 0 -22"><span class='ocrx_word' id='word_1_115' title='bbox 1401 2519 1572 2596; x_wconf 85' lang='lat' dir='ltr'>liter</span> <span class='ocrx_word' id='word_1_116' title='bbox 1621 2521 1714 2596; x_wconf 92' lang='lat' dir='ltr'>de</span> <span class='ocrx_word' id='word_1_117' title='bbox 1777 2541 1857 2595; x_wconf 87' lang='lat' dir='ltr'>se</span> <span class='ocrx_word' id='word_1_118' title='bbox 1918 2520 2221 2615; x_wconf 89' lang='lat' dir='ltr'>inquieti</span> <span class='ocrx_word' id='word_1_119' title='bbox 2293 2521 2817 2616; x_wconf 85' lang='lat' dir='ltr'>quietabantur</span> <span class='ocrx_word' id='word_1_120' title='bbox 2878 2520 2971 2595; x_wconf 92' lang='lat' dir='ltr'>ad</span> <span class='ocrx_word' id='word_1_121' title='bbox 3032 2528 3375 2615; x_wconf 83' lang='lat' dir='ltr'>cantum3</span> <span class='ocrx_word' id='word_1_122' title='bbox 3436 2528 3513 2596; x_wconf 90' lang='lat' dir='ltr'>et</span> <span class='ocrx_word' id='word_1_123' title='bbox 3570 2521 3761 2595; x_wconf 89' lang='lat' dir='ltr'>sicut</span> 
     </span>
     <span class='ocr_line' id='line_1_15' title="bbox 1405 2641 3758 2744; baseline 0 -31"><span class='ocrx_word' id='word_1_124' title='bbox 1405 2641 1726 2715; x_wconf 87' lang='lat' dir='ltr'>columbi</span> <span class='ocrx_word' id='word_1_125' title='bbox 1777 2641 2108 2716; x_wconf 85' lang='lat' dir='ltr'>exterriti</span> <span class='ocrx_word' id='word_1_126' title='bbox 2161 2642 2489 2715; x_wconf 86' lang='lat' dir='ltr'>clamore</span> <span class='ocrx_word' id='word_1_127' title='bbox 2536 2641 2840 2716; x_wconf 84' lang='lat' dir='ltr'>alterius</span> <span class='ocrx_word' id='word_1_128' title='bbox 2904 2641 3196 2737; x_wconf 85' lang='lat' dir='ltr'>fugiunt</span> <span class='ocrx_word' id='word_1_129' title='bbox 3244 2641 3543 2744; x_wconf 87' lang='lat' dir='ltr'>dimisso</span> <span class='ocrx_word' id='word_1_130' title='bbox 3593 2641 3758 2715; x_wconf 90' lang='lat' dir='ltr'>cibo</span> 
     </span>
     <span class='ocr_line' id='line_1_16' title="bbox 1405 2760 3757 2856; baseline 0.001 -22"><span class='ocrx_word' id='word_1_131' title='bbox 1405 2760 1673 2836; x_wconf 86' lang='lat' dir='ltr'>timore</span> <span class='ocrx_word' id='word_1_132' title='bbox 1720 2761 2160 2856; x_wconf 88' lang='lat' dir='ltr'>impellente,</span> <span class='ocrx_word' id='word_1_133' title='bbox 2214 2761 2314 2835; x_wconf 84' lang='lat' dir='ltr'>ita</span> <span class='ocrx_word' id='word_1_134' title='bbox 2364 2761 2477 2834; x_wconf 86' lang='lat' dir='ltr'>isti</span> <span class='ocrx_word' id='word_1_135' title='bbox 2530 2761 2824 2856; x_wconf 88' lang='lat' dir='ltr'>spiritus</span> <span class='ocrx_word' id='word_1_136' title='bbox 2882 2761 3117 2836; x_wconf 86' lang='lat' dir='ltr'>territi</span> <span class='ocrx_word' id='word_1_137' title='bbox 3158 2763 3487 2838; x_wconf 86' lang='lat' dir='ltr'>clamore</span> <span class='ocrx_word' id='word_1_138' title='bbox 3538 2762 3757 2836; x_wconf 86' lang='lat' dir='ltr'>Cato-</span> 
     </span>
     <span class='ocr_line' id='line_1_17' title="bbox 1407 2880 3754 2978; baseline 0 -24"><span class='ocrx_word' id='word_1_139' title='bbox 1407 2880 1516 2954; x_wconf 89' lang='lat' dir='ltr'>nis</span> <span class='ocrx_word' id='word_1_140' title='bbox 1565 2880 1942 2976; x_wconf 83' lang='lat' dir='ltr'>fugierunt</span> <span class='ocrx_word' id='word_1_141' title='bbox 1991 2880 2409 2975; x_wconf 88' lang='lat' dir='ltr'>impellente</span> <span class='ocrx_word' id='word_1_142' title='bbox 2444 2880 2750 2976; x_wconf 83' lang='lat' dir='ltr'>pudore,</span> <span class='ocrx_word' id='word_1_143' title='bbox 2792 2883 2919 2977; x_wconf 89' lang='lat' dir='ltr'>qui</span> <span class='ocrx_word' id='word_1_144' title='bbox 2963 2890 3073 2956; x_wconf 89' lang='lat' dir='ltr'>est</span> <span class='ocrx_word' id='word_1_145' title='bbox 3122 2883 3398 2978; x_wconf 88' lang='lat' dir='ltr'>species</span> <span class='ocrx_word' id='word_1_146' title='bbox 3450 2882 3754 2958; x_wconf 87' lang='lat' dir='ltr'>timoris.</span> 
     </span>
     <span class='ocr_line' id='line_1_18' title="bbox 1404 3000 3750 3098; baseline 0.002 -26"><span class='ocrx_word' id='word_1_147' title='bbox 1404 3000 1492 3073; x_wconf 90' lang='lat' dir='ltr'>Et</span> <span class='ocrx_word' id='word_1_148' title='bbox 1541 3000 1908 3076; x_wconf 90' lang='lat' dir='ltr'>concludit</span> <span class='ocrx_word' id='word_1_149' title='bbox 1950 3009 2164 3096; x_wconf 81' lang='lat' dir='ltr'>poeta</span> <span class='ocrx_word' id='word_1_150' title='bbox 2206 3001 2427 3076; x_wconf 89' lang='lat' dir='ltr'>istum</span> <span class='ocrx_word' id='word_1_151' title='bbox 2470 3009 2865 3078; x_wconf 85' lang='lat' dir='ltr'>tractatum</span> <span class='ocrx_word' id='word_1_152' title='bbox 2904 3011 2979 3078; x_wconf 94' lang='lat' dir='ltr'>et</span> <span class='ocrx_word' id='word_1_153' title='bbox 3016 3004 3287 3078; x_wconf 79' lang='lat' dir='ltr'>claudit</span> <span class='ocrx_word' id='word_1_154' title='bbox 3320 3004 3750 3098; x_wconf 85' lang='lat' dir='ltr'>capitulum,</span> 
     </span>
     <span class='ocr_line' id='line_1_19' title="bbox 1403 3118 3754 3220; baseline 0.001 -27"><span class='ocrx_word' id='word_1_155' title='bbox 1403 3118 1696 3195; x_wconf 88' lang='lat' dir='ltr'>dicens:</span> <span class='ocrx_word' id='word_1_156' title='bbox 1773 3119 1866 3195; x_wconf 70' lang='lat' dir='ltr'>ne*</span> <span class='ocrx_word' id='word_1_157' title='bbox 1939 3125 2010 3195; x_wconf 84' lang='lat' dir='ltr'>la</span> <span class='ocrx_word' id='word_1_158' title='bbox 2083 3129 2335 3195; x_wconf 81' lang='lat' dir='ltr'>nostra</span> <span class='ocrx_word' id='word_1_159' title='bbox 2386 3127 2686 3215; x_wconf 81' lang='lat' dir='ltr'>partita,</span> <span class='ocrx_word' id='word_1_160' title='bbox 2762 3123 3033 3198; x_wconf 89' lang='lat' dir='ltr'>scilicet</span> <span class='ocrx_word' id='word_1_161' title='bbox 3091 3123 3364 3220; x_wconf 82' lang='lat' dir='ltr'>Virgilii</span> <span class='ocrx_word' id='word_1_162' title='bbox 3434 3131 3509 3198; x_wconf 91' lang='lat' dir='ltr'>et</span> <span class='ocrx_word' id='word_1_163' title='bbox 3582 3123 3754 3219; x_wconf 88' lang='lat' dir='ltr'>mei,</span> 
     </span>
     <span class='ocr_line' id='line_1_20' title="bbox 1397 3243 3757 3339; baseline 0.003 -27"><span class='ocrx_word' id='word_1_164' title='bbox 1397 3243 1482 3333; x_wconf 83' lang='lat' dir='ltr'>fu</span> <span class='ocrx_word' id='word_1_165' title='bbox 1541 3261 1698 3313; x_wconf 80' lang='lat' dir='ltr'>men</span> <span class='ocrx_word' id='word_1_166' title='bbox 1764 3249 1967 3335; x_wconf 78' lang='lat' dir='ltr'>tosta,</span> <span class='ocrx_word' id='word_1_167' title='bbox 2037 3247 2112 3316; x_wconf 89' lang='lat' dir='ltr'>et</span> <span class='ocrx_word' id='word_1_168' title='bbox 2175 3243 2344 3316; x_wconf 86' lang='lat' dir='ltr'>facit</span> <span class='ocrx_word' id='word_1_169' title='bbox 2407 3243 2992 3337; x_wconf 85' lang='lat' dir='ltr'>diminutionem,</span> <span class='ocrx_word' id='word_1_170' title='bbox 3054 3244 3264 3338; x_wconf 85' lang='lat' dir='ltr'>quasi</span> <span class='ocrx_word' id='word_1_171' title='bbox 3330 3243 3544 3339; x_wconf 88' lang='lat' dir='ltr'>dicat,</span> <span class='ocrx_word' id='word_1_172' title='bbox 3604 3245 3757 3319; x_wconf 91' lang='lat' dir='ltr'>imo</span> 
     </span>
     <span class='ocr_line' id='line_1_21' title="bbox 1404 3359 3757 3462; baseline 0.003 -29"><span class='ocrx_word' id='word_1_173' title='bbox 1404 3360 1643 3436; x_wconf 89' lang='lat' dir='ltr'>multo</span> <span class='ocrx_word' id='word_1_174' title='bbox 1691 3359 2014 3437; x_wconf 87' lang='lat' dir='ltr'>velocior</span> <span class='ocrx_word' id='word_1_175' title='bbox 2067 3368 2269 3437; x_wconf 86' lang='lat' dir='ltr'>tanto</span> <span class='ocrx_word' id='word_1_176' title='bbox 2320 3369 2597 3458; x_wconf 87' lang='lat' dir='ltr'>quanto</span> <span class='ocrx_word' id='word_1_177' title='bbox 2658 3364 2794 3439; x_wconf 88' lang='lat' dir='ltr'>viri</span> <span class='ocrx_word' id='word_1_178' title='bbox 2855 3363 3155 3440; x_wconf 90' lang='lat' dir='ltr'>studiosi</span> <span class='ocrx_word' id='word_1_179' title='bbox 3212 3364 3444 3462; x_wconf 87' lang='lat' dir='ltr'>magis</span> <span class='ocrx_word' id='word_1_180' title='bbox 3496 3365 3757 3441; x_wconf 89' lang='lat' dir='ltr'>timent</span> 
     </span>
     <span class='ocr_line' id='line_1_22' title="bbox 1403 3481 3754 3582; baseline 0.003 -28"><span class='ocrx_word' id='word_1_181' title='bbox 1403 3481 1950 3575; x_wconf 83' lang='lat' dir='ltr'>verecundiam,</span> <span class='ocrx_word' id='word_1_182' title='bbox 2003 3490 2079 3557; x_wconf 92' lang='lat' dir='ltr'>et</span> <span class='ocrx_word' id='word_1_183' title='bbox 2147 3484 2381 3580; x_wconf 87' lang='lat' dir='ltr'>magis</span> <span class='ocrx_word' id='word_1_184' title='bbox 2450 3486 3047 3561; x_wconf 86' lang='lat' dir='ltr'>verecundantur</span> <span class='ocrx_word' id='word_1_185' title='bbox 3110 3485 3203 3561; x_wconf 90' lang='lat' dir='ltr'>de</span> <span class='ocrx_word' id='word_1_186' title='bbox 3261 3486 3463 3560; x_wconf 88' lang='lat' dir='ltr'>omni</span> <span class='ocrx_word' id='word_1_187' title='bbox 3524 3507 3754 3582; x_wconf 80' lang='lat' dir='ltr'>parvo</span> 
     </span>
     <span class='ocr_line' id='line_1_23' title="bbox 1405 3602 3755 3702; baseline 0.001 -25"><span class='ocrx_word' id='word_1_188' title='bbox 1405 3602 1594 3697; x_wconf 80' lang='lat' dir='ltr'>fallo,</span> <span class='ocrx_word' id='word_1_189' title='bbox 1641 3608 1724 3675; x_wconf 92' lang='lat' dir='ltr'>ut</span> <span class='ocrx_word' id='word_1_190' title='bbox 1759 3602 1912 3697; x_wconf 87' lang='lat' dir='ltr'>ipse</span> <span class='ocrx_word' id='word_1_191' title='bbox 1963 3611 2178 3699; x_wconf 89' lang='lat' dir='ltr'>poeta</span> <span class='ocrx_word' id='word_1_192' title='bbox 2214 3604 2413 3679; x_wconf 83' lang='lat' dir='ltr'>clare</span> <span class='ocrx_word' id='word_1_193' title='bbox 2444 3605 2615 3681; x_wconf 88' lang='lat' dir='ltr'>dicit</span> <span class='ocrx_word' id='word_1_194' title='bbox 2656 3606 2897 3681; x_wconf 86' lang='lat' dir='ltr'>statim</span> <span class='ocrx_word' id='word_1_195' title='bbox 2934 3607 3008 3679; x_wconf 88' lang='lat' dir='ltr'>in</span> <span class='ocrx_word' id='word_1_196' title='bbox 3042 3606 3393 3702; x_wconf 86' lang='lat' dir='ltr'>principio</span> <span class='ocrx_word' id='word_1_197' title='bbox 3432 3628 3755 3701; x_wconf 88' lang='lat' dir='ltr'>sequen-</span> 
     </span>
     <span class='ocr_line' id='line_1_24' title="bbox 1405 3723 1864 3819; baseline 0 -22"><span class='ocrx_word' id='word_1_198' title='bbox 1405 3723 1498 3797; x_wconf 87' lang='lat' dir='ltr'>tis</span> <span class='ocrx_word' id='word_1_199' title='bbox 1549 3724 1864 3819; x_wconf 89' lang='lat' dir='ltr'>capituli.</span> 
     </span>
    </p>
   </div>
   <div class='ocr_carea' id='block_1_3' title="bbox 4326 3756 4338 5225">
    <p class='ocr_par' dir='ltr' id='par_1_3' title="bbox 4326 3756 4338 5225">
     <span class='ocr_line' id='line_1_25' title="bbox 4326 3756 4338 5225; baseline 0 0"><span class='ocrx_word' id='word_1_200' title='bbox 4326 3756 4338 5225; x_wconf 95' lang='lat' dir='ltr'> </span> 
     </span>
    </p>
   </div>
  </div>
 </body>
</html>
