4392 6850
2772 873 2909 942 193

575 1266 905 1336 CANTUS
966 1266 1408 1348 SEPTIMUS,
1456 1270 1528 1334 in
1585 1289 1704 1352 quo
1759 1275 1992 1337 tradat
2045 1270 2158 1336 ubi
2212 1268 2522 1354 Viryt'litoe
2566 1268 2733 1334 divit
2775 1287 2914 1334 cvm

723 1378 1004 1446 Sordello
1033 1380 1111 1446 de
1143 1400 1258 1446 suo
1291 1385 1464 1446 statu
1491 1381 1692 1448 multa
1703 1406 1726 1464 ‚-
1773 1387 1833 1448 et
1875 1383 1988 1448 hoc
2031 1383 2195 1448 dicto
2241 1381 2425 1448 duxit
2452 1401 2557 1447 eos
2584 1355 2911 1448 Sordellus

724 1490 792 1556 in
835 1489 1036 1556 locum
1077 1491 1150 1556 in
1193 1509 1313 1574 quo
1357 1495 1508 1556 aunt
1549 1512 1730 1576 reyes
1775 1497 1835 1558 et
1877 1493 2126 1558 comites
2170 1497 2231 1558 ec
2272 1491 2544 1573 nobles,-
2593 1497 2654 1560 et
2698 1510 2911 1558 onmes

653 1655 658 1660 .
723 1601 1025 1680 nominat,
1057 1621 1133 1668 ac
1165 1601 1356 1666 etiam
1399 1601 1676 1684 defectus
1713 1622 1926 1669 eorum
1957 1624 2085 1686 per
2128 1603 2427 1685 ordinem,
2478 1624 2553 1672 ac
2597 1604 2787 1670 etiam
2828 1603 2910 1669 de

723 1712 1006 1794 sequenti
1048 1712 1531 1796 aliquantulum.

715 2025 1055 2196 Poscu
1114 2124 1235 2195 che
1281 2125 1773 2226 l'accoqlienze
1813 2128 2042 2194 onesta
2087 2143 2127 2195 e
2174 2123 2343 2194 liele.
2388 2120 2787 2214 Postquam
2838 2119 2912 2193 in

569 2243 924 2339 superiori
959 2243 1278 2339 capitulo
1312 2242 1648 2338 proxime
1672 2241 2110 2338 praecedenti
2145 2247 2363 2338 poeta
2400 2247 2648 2316 noster
2682 2261 2912 2336 expe-

567 2362 740 2438 divit
791 2369 1188 2439 tractatum
1243 2363 1770 2460 negligentium
1825 2368 2110 2457 quartae
2161 2361 2451 2458 speciei,
2498 2363 2625 2456 qui
2678 2361 2909 2436 distu-

568 2483 812 2558 lerunt
873 2490 1168 2580 tempus
1233 2483 1628 2580 poenitendi
1695 2482 2044 2578 praeventi
2111 2490 2357 2558 morte
2419 2482 2770 2576 violenta,
2838 2489 2914 2558 et

569 2603 762 2678 viam
805 2602 975 2678 fecit
1011 2604 1105 2678 ad
1137 2608 1572 2698 sequentem
1607 2602 2020 2698 materiam,
2055 2624 2224 2696 quae
2259 2608 2371 2677 est
2402 2600 2495 2677 de
2530 2601 2912 2698 negligen-

572 2723 763 2798 tibus
789 2723 1065 2818 quintae
1099 2723 1388 2820 speciei,
1417 2723 1542 2818 qui
1567 2723 2005 2798 distulerunt
2037 2723 2539 2819 poenitentiam
2571 2721 2909 2818 occupati

570 2844 1027 2920 laudabiliter
1093 2845 1290 2920 circa
1359 2864 1590 2941 regna
1656 2844 2128 2938 temporalia3
2180 2863 2379 2918 nunc
2441 2862 2903 2937 consequen-

569 2963 680 3040 ter
731 2965 808 3038 in
859 2965 997 3039 isto
1049 2966 1170 3039 VH
1229 2964 1544 3061 capitulo
1597 2965 1989 3058 exequitur
2049 2964 2265 3038 istam
2332 2963 2714 3038 materiam
2770 2983 2907 3037 no-

569 3083 786 3160 bilem
839 3084 1291 3180 principum3
1329 3091 1402 3159 et
1435 3103 1754 3180 praesens
1795 3083 2221 3179 capitulum,
2260 3089 2342 3158 ut
2382 3103 2515 3178 per
2564 3103 2643 3158 se
2682 3088 2906 3179 patet,

569 3210 677 3280 est
724 3203 1041 3278 divisum
1091 3205 1166 3278 in
1216 3210 1368 3280 tres
1416 3209 1660 3299 partes
1708 3204 2110 3300 generales.
2161 3204 2242 3277 In
2293 3204 2532 3299 prima
2582 3225 2904 3298 quarum

521 3349 526 3352 ·
567 3331 783 3419 poeta
831 3324 1173 3400 describit
1221 3345 1459 3399 unum
1511 3324 1882 3420 dialogum
1925 3323 2081 3399 sive
2124 3324 2584 3399 collationem
2638 3323 2905 3398 factam

566 3445 760 3520 inter
807 3445 994 3521 duos
1053 3451 1516 3540 mantuanOS,
1566 3443 1839 3519 scilicet
1887 3443 2270 3541 Virgilium
2335 3450 2409 3519 et
2467 3444 2904 3538 Sordellum‚

435 3596 458 3613 ·
569 3586 699 3662 per
751 3587 977 3660 quam
1027 3566 1370 3662 Virgilius
1421 3564 1830 3641 manifestat
1881 3585 1961 3639 se
2011 3565 2363 3659 Sordent),
2411 3572 2487 3640 et
2536 3564 2908 3639 Sordellus

569 3686 950 3784 Virgilium
1002 3684 1341 3762 laudibus
1391 3685 1688 3761 extollit.
1732 3686 1814 3759 ln
1859 3683 2180 3760 secunda
2230 3683 2571 3759 describit
2620 3684 2910 3779 magni-

568 3805 706 3881 fice
753 3807 1000 3881 locum
1051 3806 1634 3881 amoenissimum
1677 3801 2068 3879 illustrium
2113 3804 2472 3898 virorum,
2506 3802 2639 3878 ibi:
2677 3808 2803 3877 Ma
2834 3825 2909 3877 se

569 3937 640 4002 tu
680 3931 852 4021 puoi
900 3948 946 4000 ο
993 3930 1122 4001 sai.
1176 3926 1256 4000 ln
1307 3925 1524 4001 tertia
1573 3930 1650 4000 et
1683 3924 1940 3998 ultima
1983 3923 2323 3999 describit
2354 3922 2741 3998 artificiose
2775 3921 2908 3997 ali-

568 4068 755 4143 quos
781 4041 857 4141 (⁴)
909 4046 1268 4143 principes
1317 4045 1712 4121 modernos
1773 4044 2111 4139 illustreS‚
2163 4065 2486 4138 quorum
2538 4043 2733 4118 fama
2796 4042 2906 4117 di-

567 4168 784 4265 gnius
835 4167 1275 4261 celebratur,
1309 4166 1449 4241 ibi:
1487 4168 1739 4239 Pm‘ma
1774 4167 1896 4238 clze
1918 4167 1971 4236 ’l
1987 4184 2173 4257 poco
2204 4167 2369 4237 sole.
2422 4163 2531 4237 Ad
2580 4162 2902 4257 primum

565 4290 868 4365 veniens
913 4288 1100 4383 dice,
1148 4288 1349 4382 quod
1395 4293 1610 4382 poeta
1659 4284 1998 4360 describit
2047 4291 2391 4358 mutuam
2440 4283 2901 4359 collationem

563 4409 842 4507 Virgilii
893 4415 969 4484 et
1017 4408 1344 4503 Sordelli,
1375 4414 1450 4483 et
1480 4407 1719 4503 primo
1751 4404 2130 4480 continuat
2163 4403 2549 4479 materiam
2587 4423 2907 4497 sequen-
3026 4427 3041 4441 ·

560 4536 717 4606 tem
769 4529 864 4606 ad
914 4528 1493 4625 praecedentem:
1534 4527 1708 4621 quia
1745 4525 1942 4601 enim
1977 4524 2293 4599 finxerat
2343 4524 2417 4596 in
2468 4524 2907 4618 praecedenti

561 4651 886 4747 capitulo
935 4650 1136 4744 quod
1183 4648 1556 4725 Sordellus
1587 4646 1838 4721 audito
1875 4647 2029 4721 solo
2071 4642 2369 4719 nomine
2400 4645 2715 4719 Mantuae
2750 4644 2909 4720 ive-

563 4778 685 4846 rat
711 4762 786 4863 (¹)
842 4769 1326 4845 mirabundus
1375 4767 1448 4842 in
1498 4766 1882 4862 amplexus
1932 4764 2259 4862 Virgilii3
2308 4763 2474 4839 ideo
2525 4784 2722 4837 nunc
2774 4784 2911 4859 pro

695 5021 752 5085 (¹)
785 5024 894 5082 117,
926 5022 1142 5086 aliquot.
1517 5018 1572 5082 (²)
1602 5018 1653 5069 S.
1685 5032 1715 5068 e
1747 5018 1809 5069 E.
1839 5020 2036 5069 ruerat.

835 5128 916 5173 111.
2593 5120 2643 5163 18
