4392 6850
1508 964 1649 1033 430
2195 973 2638 1031 comum
2686 975 3125 1032 runnu-ona

1505 1122 1866 1198 circulum
1893 1119 2114 1194 istum
2143 1141 2532 1215 usquequo
2559 1120 2694 1195 sim
2726 1119 3025 1195 omuino
3052 1120 3451 1194 mundatus
3481 1120 3577 1194 ab
3602 1119 3751 1213 ira3
3778 1125 3847 1194 et

1501 1243 1708 1318 dicit:
1742 1265 1781 1317 e
1810 1264 1888 1315 se
1917 1244 1970 1315 ’l
1993 1246 2190 1335 fumo
2223 1243 2435 1314 veder
2472 1263 2619 1314 non
2652 1243 2898 1332 lascia,
2940 1241 3239 1336 scilicet,
3270 1242 3457 1317 alter
3504 1242 3843 1330 alterum,

1502 1362 1702 1458 quod
1751 1367 1942 1438 esset
1991 1361 2267 1437 certius
2333 1369 2885 1458 argumentum,
2938 1369 3213 1456 tamen,
3264 1361 3310 1435 1⁹
3324 1365 3491 1436 udir
3538 1364 3603 1434 ci
3652 1352 3845 1434 terra

1501 1486 1722 1575 munti
1769 1486 1843 1555 in
1885 1485 2112 1574 quella
2162 1503 2345 1574 vece,
2380 1482 2589 1576 quasi
2640 1482 2857 1576 dicat,
2909 1481 3075 1556 licet
3124 1502 3273 1556 nou
3322 1480 3593 1576 possim
3638 1479 3841 1574 sequi

1504 1609 1580 1678 te
1627 1603 2039 1696 coniuncte,
2072 1601 2263 1676 sicut
2312 1609 2391 1675 tu
2447 1602 2779 1696 sequeris
2818 1603 3071 1696 alium,
3106 1601 3279 1695 quia
3314 1621 3462 1675 non
3496 1601 3711 1676 video
3746 1609 3839 1695 te,

1505 1732 1753 1799 tamen
1804 1743 2074 1816 sequar
2125 1742 2383 1796 vocem
2434 1729 2665 1816 tuam,
2716 1730 2791 1796 et
2842 1721 2941 1795 ita
2976 1720 3257 1796 erimus
3290 1719 3637 1826 conti-nuo
3672 1720 3841 1794 satis

1503 1843 1913 1940 propinqui.
1941 1883 2040 1896 —
2065 1845 2337 1916 Allora.
2388 1843 2519 1916 Hic
2568 1849 2785 1937 poeta
2843 1841 3013 1916 facit
3066 1840 3564 1915 narrationem
3628 1861 3837 1934 suam

1505 1986 1676 2039 cum
1730 1963 2098 2060 petitione,
2149 1963 2435 2038 dicens:
2488 1967 2741 2036 Allora
2788 1965 3251 2053 incominciai,
3287 1960 3566 2056 supple,
3600 1961 3841 2036 dicere

1506 2085 1604 2158 illi
1655 2085 1868 2160 avide
1918 2085 2351 2179 expectanti,
2388 2086 2566 2158 men’
2600 2105 2689 2156 vo
2720 2104 2911 2174 suso,
2946 2081 3237 2174 scilicet,
3272 2081 3365 2157 ad
3400 2084 3674 2156 coelum
3712 2103 3840 2177 per

1509 2204 2044 2301 purgatorium,
2120 2223 2254 2276 con
2320 2207 2549 2295 quella
2607 2186 2864 2297 fascia,
2934 2202 3205 2278 scilicet
3271 2222 3517 2296 carne,
3596 2208 3671 2277 et
3738 2210 3845 2276 est

1507 2326 1800 2422 propria
1850 2325 2371 2419 transumptio:
2438 2324 2624 2398 sicut
2686 2323 2882 2398 enim
2949 2321 3203 2398 debilis
3265 2321 3484 2396 fascia
3544 2322 3721 2418 ligat
3770 2328 3844 2396 et

1507 2444 1687 2540 tegit
1735 2444 2191 2538 infantulam,
2243 2444 2341 2518 ita
2394 2463 2569 2518 caro
2620 2441 2894 2539 fragilis
2944 2442 3291 2534 animam,
3328 2461 3497 2535 quae
3546 2441 3839 2534 quidem

1507 2585 1681 2640 caro
1729 2564 2033 2640 faciliter
2083 2562 2521 2657 dissolvitur,
2572 2562 2759 2636 sicut
2809 2562 3053 2655 fascia,
3114 2567 3189 2636 et
3248 2560 3598 2656 putrescit
3656 2561 3842 2635 inter

1467 2681 1474 2689 ’
1508 2684 1760 2761 sordes
1813 2683 2000 2758 sicut
2049 2683 2289 2758 fascia.
2343 2682 2549 2757 Unde
2579 2682 2787 2757 dicit:
2822 2683 2943 2754 che
2983 2686 3055 2755 la
3088 2687 3311 2755 morte
3342 2685 3665 2772 dissolve,
3700 2681 3841 2755 sci-

1511 2806 1700 2900 licet,
1753 2804 2052 2878 omnino
2117 2803 2461 2898 resolvit3
2514 2823 2685 2876 nam
2750 2809 2827 2877 et
2882 2809 3055 2877 ante
3116 2809 3427 2877 mortem
3494 2801 3844 2897 paulatim

1511 2924 1880 3019 rumpitur
1930 2931 2006 2999 et
2055 2921 2553 2997 consumitur:
2590 2929 2665 2996 et
2697 2923 2799 2996 sic
2836 2922 2984 2996 dixi
3036 2921 3233 3016 quod
3282 2941 3449 2996 sum
3485 2923 3736 3015 vivus3
3772 2929 3845 2996 et

1507 3044 1704 3118 addit
1751 3043 1972 3138 aliud,
2026 3043 2309 3118 dicens:
2363 3065 2401 3116 e
2448 3046 2655 3115 venna·
2702 3045 2845 3138 qui,
2894 3040 2988 3116 ad
3048 3041 3239 3116 istud
3304 3041 3842 3136 purgatorium,

1501 3185 1636 3257 per
1682 3166 1995 3256 infernal
2021 3165 2405 3254 ambas-da,
2442 3163 2645 3257 idest,
2680 3164 3011 3238 laborem
3046 3169 3121 3238 et
3157 3162 3569 3259 angustiam
3608 3161 3839 3237 maio-

1510 3303 1669 3358 rem
1723 3304 1950 3377 quam
2003 3285 2138 3359 iste
2187 3283 2300 3380 sit,
2354 3284 2562 3379 quasi
2621 3283 2850 3358 dicat:
2913 3283 2954 3327 *
2978 3272 3125 3357 non
3190 3283 3477 3358 mireris
3535 3284 3595 3357 si
3658 3283 3843 3358 vado

1487 3402 1720 3501 ⁴vivus
1771 3424 1902 3498 per
1953 3403 2490 3501 purgatorium,
2544 3403 2717 3498 quia
2758 3403 2915 3499 jam
2970 3403 3065 3478 ivi
3117 3424 3249 3499 per
3300 3403 3692 3499 infernum,
3756 3424 3841 3477 ac

1507 3524 1568 3597 si
1617 3523 1874 3598 dicat*
1905 3518 2020 3615 ('):
2074 3525 2311 3599 habeo
2336 3525 2495 3620 jam
2536 3524 3025 3620 cognitionem
3067 3524 3411 3600 vitiorum
3466 3524 3844 3618 quaesitam

1511 3664 1780 3740 magno
1829 3643 2084 3718 labore
2133 3643 2209 3716 in
2258 3643 2565 3739 insern0,
2618 3664 2815 3717 nunc
2872 3643 3169 3718 intendo
3236 3644 3512 3719 habere
3571 3664 3846 3740 purgae

1509 3764 1781 3838 tionem
1833 3784 2098 3838 eorum
2151 3763 2225 3837 in
2276 3763 2727 3859 purgatorio,
2780 3764 2868 3837 Et
2927 3763 3097 3839 facit
3154 3784 3369 3838 suam
3421 3763 3843 3858 petitionem

1508 3882 1854 3959 adiurans
1903 3902 2078 3957 eum
2127 3902 2261 3977 per
2296 3883 2495 3957 illam
2531 3883 2977 3979 singularem
3016 3883 3329 3979 gratiam
3368 3904 3537 3979 quae
3570 3890 3683 3959 est
3716 3882 3843 3957 sibi

1509 4024 1874 4097 concessa,
1927 4003 2207 4079 dicens:
2258 4026 2299 4077 e
2346 4025 2419 4077 se
2466 4006 2629 4095 Dic,
2664 4004 2750 4098 si,
2784 4025 2920 4100 pro
2954 4004 3169 4099 quia;
3204 4004 3377 4098 quia
3417 4004 3576 4079 sine
3612 4002 3844 4101 gratia

1509 4124 1640 4199 Dei
1689 4144 1838 4198 non
1887 4130 2221 4219 poteram
2274 4144 2449 4197 cum
2513 4123 2710 4198 omni
2776 4124 3051 4198 auxilio
3102 4132 3177 4199 et
3224 4124 3523 4199 consilio
3575 4123 3847 4221 Virgilii

1510 4245 1754 4320 facere
1803 4252 1952 4319 tam
2005 4264 2301 4319 sacrum
2352 4265 2563 4339 opuS,
2614 4248 2704 4317 m'
2730 4246 2825 4317 Ιια
2877 4248 2953 4317 in
3008 4266 3141 4319 sua
3196 4249 3459 4338 qrazia
3518 4247 3844 4337 rioldum,

1511 4384 1634 4439 me
1681 4364 2255 4459 singularissime
2304 4364 2751 4439 admittendo
2810 4364 2903 4439 ad
2963 4386 3175 4441 suam
3226 4366 3621 4463 benignam
3674 4386 3846 4461 gra-

1514 4484 1712 4579 tiam,
1751 4492 1970 4573 tante,
2003 4486 2168 4558 ck'e'
2185 4487 2350 4558 vuol
2376 4485 2561 4557 ck'io
2596 4486 2846 4575 veyyia
2878 4487 2953 4558 la
2980 4504 3116 4558 sua
3162 4493 3377 4576 corle,
3413 4485 3621 4580 idest,
3657 4485 3850 4581 quod

1511 4602 1722 4676 vivus
1771 4603 2160 4679 ascendam
2214 4603 2287 4677 in
2338 4604 2636 4696 coelum,
2682 4624 2817 4696 per
2866 4608 3079 4679 modo
3127 4613 3293 4680 tutto
3336 4610 3507 4700 fitor
3546 4608 3663 4679 del
3702 4626 3851 4679 mo-

1511 4723 1735 4796 demo
1766 4744 1919 4816 2130,
1953 4723 2245 4819 scilicet,
2283 4744 2415 4819 per
2448 4723 2805 4819 poeticam
2842 4724 3454 4820 speculationem;
3496 4726 3646 4801 imo
3688 4726 3851 4800 nul-

1512 4840 1628 4915 lus
1675 4842 2150 4936 antiquorum
2204 4844 2477 4919 nedum
2544 4842 3069 4919 modernorum
3136 4844 3461 4920 ascendit
3520 4867 3843 4940 unquam

1635 5108 1690 5173 (¹)
1721 5110 1796 5160 Le
1829 5110 2005 5173 puolo
2039 5108 2120 5161 fra
2149 5111 2168 5161 i
2200 5112 2302 5161 due
2332 5110 2599 5163 marinoni
2629 5123 2757 5161 nono
2790 5109 2871 5160 dei
2900 5108 3072 5160 Codici
3103 5109 3155 5160 S.
3187 5123 3218 5160 e
3253 5114 3361 5160 117.
