4392 6850
1495 948 1588 1013 44
2214 957 2621 1011 coMENTuM
2670 957 3113 1011 PURGATonu

1492 1110 1738 1198 tatem,
1791 1123 1980 1176 onus
2037 1101 2329 1177 familiae
2388 1110 2461 1176 et
2525 1103 2770 1176 omnia
2846 1101 3127 1198 gravia,
3180 1121 3318 1178 nec
3380 1109 3677 1178 secutus
3727 1110 3836 1178 est

1489 1223 1910 1318 exemplum
1964 1222 2256 1296 Catonis
2307 1222 2381 1294 in
2431 1221 2906 1318 desperando,
2944 1242 3169 1316 quem
3208 1229 3456 1297 tamen
3501 1224 3835 1318 sequitur

1490 1345 1564 1418 in
1612 1344 2026 1419 accedendo
2076 1344 2170 1418 ad
2206 1345 2581 1418 virtutem.
2618 1345 2704 1416 Et
2739 1343 2855 1418 hic
2890 1350 3087 1437 nota,
3123 1345 3375 1437 lector,
3412 1345 3611 1440 quod
3652 1346 3839 1421 sicut

1493 1465 1736 1538 notavi
1779 1465 1852 1538 in
1898 1465 2248 1560 principio
2284 1465 2541 1539 inferni
2578 1471 2651 1538 et
2687 1471 2935 1558 postea
2970 1464 3367 1559 saepissime
3402 1486 3531 1560 per
3574 1473 3835 1561 totum,

1491 1584 1687 1678 quod
1739 1585 2069 1658 infernus
2121 1591 2233 1658 est
2282 1584 2576 1679 duplex,
2618 1584 2888 1658 scilicet
2938 1585 3339 1660 essentialis
3392 1594 3466 1659 et
3518 1586 3835 1680 moralis,

1491 1714 1567 1780 et
1601 1705 1797 1801 quod
1838 1713 2050 1801 poeta
2085 1707 2447 1780 alterutro
2480 1705 2663 1780 calle
2698 1705 3100 1800 procedens
3133 1705 3470 1780 tractavit
3500 1706 3595 1780 de
3630 1714 3835 1780 utro-

1493 1847 1664 1921 que,
1717 1833 1790 1900 et
1858 1827 2227 1921 praecipue
2284 1825 2376 1898 de
2442 1825 2700 1898 morali
2766 1825 3089 1900 maxime
3154 1825 3224 1898 in
3283 1825 3521 1900 dando
3584 1847 3834 1921 poenas

1491 1947 1832 2020 omnibus
1865 1946 2261 2042 generibus
2294 1953 2765 2041 peccatorum
2787 1971 2807 2040 3
2846 1945 2941 2018 ita
2976 1967 3019 2018 a
3064 1945 3274 2018 simili
3320 1945 3827 2042 purgatorium

1491 2074 1601 2141 est
1649 2067 1942 2162 duplex,
1995 2067 2263 2140 scilicet
2314 2066 2695 2140 essentiale
2746 2072 2819 2141 et
2872 2067 3171 2140 morale.
3221 2067 3389 2140 Ideo
3439 2074 3658 2141 autor
3708 2068 3835 2142 de—

1489 2188 1892 2282 scripturus
1958 2186 2469 2282 purgatorium
2539 2186 2797 2260 eodem
2862 2187 3081 2260 modo
3153 2208 3347 2260 nunc
3413 2194 3679 2262 tractat
3745 2188 3837 2263 de

1489 2309 1872 2402 essentiali,
1930 2329 2123 2381 nunc
2172 2308 2267 2382 de
2318 2307 2603 2401 morali,
2644 2307 2767 2380 sed
2807 2307 3401 2402 principalissime
3442 2308 3534 2382 de
3580 2309 3833 2383 morali

1490 2430 1562 2504 in
1596 2429 2072 2504 describendo
2103 2422 2174 2520 (¹)
2232 2428 2451 2502 situm
2506 2436 2582 2502 et
2630 2427 3157 2502 distinctionem
3196 2428 3528 2502 omnium
3584 2450 3832 2523 poena-

1489 2571 1656 2623 rum
1713 2549 2244 2643 poenitentium.
2299 2549 2503 2622 Unde
2558 2554 2639 2621 ut
2690 2549 2935 2623 videas
2996 2549 3193 2622 clare
3264 2549 3461 2643 quod
3492 2541 3565 2641 (²)
3624 2557 3829 2644 poeta

1489 2670 1813 2764 loquitur
1884 2669 2261 2742 moraliter
2330 2668 2402 2740 in
2471 2668 2953 2762 descriptione
3011 2670 3229 2742 buius
3289 2670 3449 2763 loci,
3524 2671 3693 2744 volo
3762 2676 3831 2743 te

1486 2791 1674 2865 scire
1723 2790 1968 2882 aliqua
2019 2789 2213 2863 circa
2266 2787 2777 2883 purgatorium
2828 2789 3229 2863 essentiale.
3266 2789 3353 2862 Et
3388 2789 3627 2883 primo
3666 2790 3827 2884 qui-

1484 2911 1651 2986 dem
1709 2917 1902 3006 nota,
1955 2909 2153 3003 quod
2189 2910 2393 2983 locus
2441 2909 2867 3005 purgatorii,
2904 2909 3311 2984 secundum
3353 2930 3822 2984 communem

1485 3033 1898 3128 opinionem
1941 3031 2478 3124 theologorum,
2521 3029 2785 3103 dicitur
2820 3050 2982 3104 esse
3014 3029 3153 3103 sub
3190 3037 3412 3124 terra,
3456 3030 3629 3124 quia
3668 3030 3821 3106 talis

1485 3153 1690 3226 locus
1742 3152 1898 3224 vilis
1963 3151 2485 3244 correspondet
2546 3149 2798 3223 vilitati
2854 3150 3188 3224 soeditatis
3250 3149 3649 3245 culpabiliS,
3699 3151 3821 3244 qui

1485 3272 1689 3346 locus
1755 3272 2077 3346 creditur
2145 3292 2307 3346 esse
2368 3293 2536 3366 pars
2596 3271 2857 3346 inferni
2918 3292 2963 3346 a
3028 3271 3465 3364 quibusdam
3528 3279 3825 3367 propter

1484 3393 1799 3468 verbum
1841 3392 2174 3488 Gregorii
2212 3398 2477 3487 quarto
2528 3391 3017 3488 dialogorum,
3063 3391 3183 3466 ubi
3218 3390 3411 3484 dicit,
3453 3391 3650 3487 quod
3689 3392 3822 3466 sub

1483 3514 1742 3588 eodem
1807 3513 1974 3609 igne
2033 3513 2309 3587 electus
2373 3520 2759 3609 purgatur,
2830 3520 2905 3587 et
2969 3513 3361 3587 damnatus
3424 3520 3819 3587 crematur.

1481 3634 1686 3709 Unde
1737 3636 1889 3708 sola
1943 3655 2152 3729 poena
2208 3634 2392 3730 ignis
2442 3641 2553 3707 est
2621 3632 2693 3705 in
2756 3632 3205 3729 purgatorio,
3271 3633 3515 3707 Potest
3580 3639 3823 3708 tamen

1481 3775 1574 3829 ex
1624 3754 1864 3829 divina
1915 3755 2447 3849 dispensatione
2496 3754 2663 3828 alibi
2730 3754 2972 3827 anima
3033 3753 3359 3849 purgari,
3420 3753 3609 3827 sicut
3658 3753 3825 3828 dicit

1482 3875 1742 3951 ibidem
1797 3876 2197 3972 Gregorius
2249 3876 2340 3950 de
2390 3875 2637 3948 anima
2692 3874 3005 3949 Pascasii
3066 3875 3190 3967 qui
3224 3864 3295 3965 (³)
3367 3875 3822 3971 purgabatur

1480 3995 1554 4069 in
1604 3996 1858 4092 glacie,
1923 3996 2120 4089 quod
2188 3996 2383 4068 Deus
2450 3994 2781 4068 concedit
2844 3994 2958 4068 vel
3022 4002 3318 4089 propter
3379 3995 3815 4069 velociorem

1480 4116 2008 4209 liberationem,
2066 4124 2145 4190 ut
2194 4117 2416 4211 possit
2465 4116 2623 4188 aliis
2672 4136 2883 4188 suam
2940 4114 3406 4211 indigentiam
3464 4116 3817 4209 revelare,

1479 4238 1668 4311 sicut
1716 4238 1949 4332 patuit
1997 4238 2072 4311 in
2124 4237 2456 4311 Pascasio
2510 4235 2874 4330 praedicto,
2937 4236 3051 4309 vel
3116 4234 3208 4309 ad
3268 4236 3817 4310 instructionem

1479 4366 1830 4451 nostram,
1877 4364 1956 4431 ut
1991 4378 2209 4453 poena
2244 4356 2538 4431 evidens
2580 4378 2712 4430 nos
2759 4363 3054 4449 terreat,
3096 4356 3285 4432 sicut
3327 4356 3419 4431 de
3459 4356 3823 4451 aliquibus

1474 4478 1718 4554 audivi
1771 4501 1816 4552 a
1871 4479 2304 4572 viventibus,
2358 4478 2475 4551 vel
2526 4483 2825 4572 propter
2876 4477 3459 4572 impetrationem
3514 4477 3820 4551 alicuius

1476 4600 1702 4672 sancti
1755 4600 1914 4692 viri,
1967 4599 2156 4672 sicut
2207 4604 2505 4672 sanctus
2539 4598 2895 4671 Patricius
2947 4597 3366 4692 impetravit
3405 4597 3601 4691 quod
3655 4596 3819 4692 qui-

1476 4717 1644 4791 dam
1716 4726 2164 4814 purgaretur
2231 4718 2305 4791 in
2374 4719 2693 4813 quodam
2750 4719 2911 4792 loco
2962 4718 3469 4812 subterrane0,
3522 4740 3614 4793 ex
3669 4740 3819 4813 quo

1477 4846 1726 4934 postea
1781 4840 2104 4913 fabulose
2165 4846 2415 4912 ortum
2478 4847 2587 4913 est
2647 4839 2743 4912 ibi
2798 4859 2959 4913 esse
3020 4839 3575 4935 purgatorium3
3628 4840 3819 4916 sicut

1601 5093 1655 5157 (¹)
1687 5093 1738 5143 S.
1773 5094 2060 5143 scribendo.
2312 5092 2365 5157 (²)
2400 5094 2451 5145 S.
2483 5094 2623 5159 quod
2655 5094 2739 5144 hic
2772 5099 2939 5157 poeta.
3190 5092 3243 5157 (')
3275 5093 3338 5145 E.
3371 5107 3503 5158 quae.
