4392 6850
1362 822 1639 879 clm-us
1688 822 2093 881 wensinus,
2755 809 2892 877 531

550 977 907 1065 ventrem,
960 971 1060 1045 ita
1111 970 1309 1064 quod
1361 970 1525 1045 fecit
1578 970 1745 1045 inde
1794 969 2001 1045 exire
2050 967 2407 1043 intestina·
2442 966 2711 1061 vitalia,
2755 967 2896 1043 sci-

546 1092 733 1187 licet,
784 1091 1189 1188 praecipuos
1238 1090 1457 1185 cives,
1493 1090 1587 1165 de
1639 1110 1962 1183 quorum
2004 1109 2320 1164 numero
2355 1088 2492 1163 suit
2531 1089 2668 1163 iste
2702 1108 2896 1184 prae-

548 1213 790 1286 clarus
840 1217 1075 1306 poeta.
1113 1210 1281 1287 Ideo
1332 1210 1523 1285 bene
1573 1210 1786 1284 solvit
1835 1209 1971 1283 sibi
2012 1210 2149 1284 hic.
2215 1208 2420 1285 Unde
2485 1208 2576 1283 ad
2623 1229 2898 1305 exage-

552 1332 863 1408 randum
940 1330 1217 1406 factum
1284 1330 1492 1404 dicit:
1547 1332 1813 1421 quincii,
1883 1350 1979 1403 ex
2042 1328 2176 1403 ista
2248 1327 2681 1424 proditione,
2751 1348 2898 1401 non

549 1441 1018 1545 quadaynerd
1068 1458 1263 1525 terra
1306 1472 1441 1543 per
1504 1472 1603 1542 se,
1666 1450 1837 1544 quia
1890 1450 1949 1523 si
2001 1450 2294 1525 volebat
2341 1449 2597 1524 fallere
2649 1448 2896 1541 fidem,

551 1572 861 1649 debebat
888 1592 1153 1667 capere
1178 1570 1311 1645 sibi
1350 1569 1546 1645 illam
1574 1570 2161 1645 florentissimam
2197 1576 2502 1666 terram,
2531 1575 2607 1645 et
2643 1590 2789 1644 non
2818 1560 2894 1660 (¹)

552 1692 812 1769 Cursio
876 1691 969 1767 de
1031 1691 1350 1785 DonatiS,
1420 1711 1542 1763 ma
1586 1698 1879 1783 peccato
1926 1696 1993 1764 et
2038 1698 2234 1780 outa,
2286 1689 2460 1783 quia
2519 1690 2756 1763 Deum
2824 1693 2902 1762 et

554 1814 825 1887 multos
885 1810 1217 1905 homines
1264 1809 1583 1886 offendit.
1640 1810 1727 1883 Et
1776 1809 1987 1885 dicit:
2041 1816 2234 1884 tanto
2287 1804 2411 1902 pit)
2459 1830 2708 1902 prave,
2759 1808 2901 1883 sci-

554 1934 742 2027 licet,
812 1936 1220 2028 peccatum,
1282 1938 1541 2023 quanto
1591 1936 1826 2022 coma,
1878 1929 2081 2024 idest,
2138 1935 2435 2025 reputat
2485 1950 2670 2023 esse,
2721 1932 2908 2003 simil

550 2056 817 2145 danne,
886 2052 1178 2146 seilicet,
1254 2032 1533 2145 Siciliae,
1576 2044 1705 2144 piei
1762 2054 1954 2143 lieve,
2012 2048 2307 2143 scilicet,
2363 2055 2771 2144 peceatum.
2803 2088 2904 2103 -

554 2176 631 2247 L'
656 2176 864 2247 altre.
918 2172 1047 2246 Hic
1097 2172 1313 2268 Hugo
1355 2154 1587 2268 tangit
1638 2170 2128 2245 temeritatem
2184 2177 2262 2244 et
2312 2169 2662 2244 vilitatem
2714 2170 2904 2245 alte-

556 2294 709 2367 rius
772 2291 1008 2367 Caroli
1059 2292 1373 2387 junioris
1400 2282 1499 2385 (²),
1570 2290 1696 2385 qui
1765 2290 1903 2365 fuit
1960 2291 2494 2389 primogenitus
2556 2291 2797 2365 Caroli
2847 2292 2904 2385 I,

558 2412 754 2487 unde
802 2416 1113 2486 vocatur
1160 2412 1467 2487 Carolus
1500 2412 1580 2485 ΙΙ.
1636 2410 1722 2484 Et
1770 2411 1863 2485 ad
1908 2410 2475 2485 declarationem
2520 2410 2752 2484 literae
2793 2414 2904 2485 est

558 2531 959 2626 sciendum,
1001 2530 1198 2626 quod
1248 2531 1427 2606 dum
1478 2532 1784 2607 Carolus
1815 2520 1891 2623 (³)
1927 2537 2134 2626 pater
2173 2529 2424 2605 ivisset
2472 2530 2545 2603 in
2596 2530 2904 2605 Provin-

562 2652 777 2747 ciam,
812 2652 904 2727 ad
954 2652 1387 2727 armandam
1436 2652 1745 2727 classem
1787 2672 1922 2748 pro
1958 2650 2460 2747 recuperanda
2503 2649 2740 2726 Sicilia
2778 2673 2902 2728 re-

560 2771 751 2866 belli,
826 2772 1186 2869 Rogerius
1260 2772 1352 2846 de
1428 2770 1621 2865 Oria,
1684 2770 2108 2846 admiralius
2186 2770 2380 2867 regis
2450 2770 2642 2846 Petri
2705 2771 2904 2867 peri-

561 2891 883 2967 tissimus
934 2898 1009 2967 et
1056 2892 1691 2969 victoriosissimus
1742 2891 1816 2965 in
1867 2891 2059 2967 bello
2112 2890 2376 2985 navali,
2413 2911 2586 2966 cum
2633 2913 2902 2989 magna

562 3012 792 3087 classe
858 3012 1057 3088 venit
1124 3032 1348 3108 super
1408 3011 1780 3107 Neapolim
1836 3011 2025 3086 intra
2086 3017 2410 3107 portum,
2480 3010 2906 3108 sagiptando

562 3130 751 3205 intra
784 3132 1178 3227 civitatem,
1205 3138 1279 3207 et
1312 3132 1846 3227 exprobrando,
1878 3138 1958 3205 ut
1994 3132 2292 3207 eliceret
2323 3132 2666 3207 Carolum
2706 3131 2908 3227 prin-

562 3250 796 3345 cipem
848 3251 941 3326 ad
991 3273 1339 3351 pugnam.
1387 3251 1826 3326 Praesciebat
1858 3250 2052 3325 enim
2092 3256 2472 3345 tamquam
2511 3250 2909 3349 vigilantis-

560 3370 793 3446 simus
841 3371 1018 3468 dux,
1054 3372 1252 3468 quod
1304 3394 1435 3450 rex
1480 3372 1787 3448 Carolus
1820 3391 1995 3448 cum
2032 3392 2301 3470 magna
2337 3372 2569 3448 classe
2621 3374 2907 3450 rediens

562 3491 655 3566 de
704 3493 1085 3568 Provincia
1124 3494 1283 3590 jam
1334 3500 1498 3570 erat
1544 3493 1619 3566 in
1672 3493 1859 3569 mari
1908 3493 2179 3589 pisano.
2219 3493 2422 3569 Sicut
2473 3515 2654 3591 ergo
2705 3500 2910 3590 pete-

564 3611 693 3686 bat
740 3618 816 3687 et
866 3613 1160 3709 optabat
1199 3615 1495 3710 juvenis
1545 3612 1999 3709 improvidus
2050 3620 2125 3688 et
2175 3614 2475 3708 caliduS,
2512 3635 2682 3688 cum
2736 3635 2911 3710 pro-

564 3731 857 3806 ceribus
908 3738 981 3808 et
1030 3733 1231 3806 omni
1284 3733 1560 3827 militia,
1612 3732 2013 3808 ascendens
2066 3733 2311 3806 navim
2364 3733 2587 3838 exivit
2654 3743 2910 3811 contra

568 3850 989 3948 Rogerium.
1042 3852 1401 3950 Rogerius
1450 3851 1959 3949 sagacissimus
2012 3852 2383 3926 mandavit
2435 3853 2608 3947 suiS,
2647 3860 2730 3927 ut
2762 3877 2911 3930 non

566 3971 1023 4046 intenderent
1072 3972 1165 4047 ad
1216 3972 1800 4069 persecutionem
1856 3971 2321 4068 fugientium,
2356 3973 2482 4048 sed
2535 3973 2773 4048 solum
2817 3975 2912 4051 ad

567 4092 881 4188 galeam,
948 4091 1076 4166 ubi
1142 4098 1303 4168 erat
1364 4092 1612 4188 regale
1672 4092 1987 4188 signum.
2040 4091 2204 4180 Quo
2273 4093 2486 4188 facto,
2539 4095 2614 4167 in
2672 4097 2912 4191 primo

568 4231 968 4308 congressu
1020 4211 1213 4306 belli,
1264 4211 1513 4285 multis
1564 4210 1871 4286 navibus
1910 4211 2208 4306 juvenis
2247 4213 2715 4309 fugientibus,
2760 4215 2914 4312 ipse

569 4352 744 4407 cum
796 4332 949 4406 suis
998 4331 1427 4428 proceribus
1474 4331 1851 4406 inutilibus
1892 4331 2130 4407 navali
2174 4333 2581 4429 certamini,
2619 4341 2768 4409 tam
2805 4335 2914 4411 fa-

568 4451 799 4528 ciliter
851 4471 1075 4546 quam
1128 4451 1466 4528 celeriter
1516 4451 1920 4526 debellatus
1971 4457 2045 4527 et
2095 4460 2352 4547 captus
2392 4461 2503 4528 est
2547 4476 2720 4530 cum
2775 4477 2912 4532 no-

570 4593 741 4648 vem
796 4571 1105 4647 navibus
1152 4571 1405 4668 longis,
1442 4571 1529 4644 Et
1561 4570 1827 4646 ductus
1859 4573 2264 4647 Messanam
2307 4573 2380 4647 in
2422 4573 2737 4651 Siciliam
2789 4576 2910 4650 ubi

576 4694 964 4789 plusquam
1016 4691 1308 4767 ducenti
1376 4712 1469 4766 ex
1528 4692 1679 4766 suis
1744 4692 2107 4768 nobilibus
2156 4693 2398 4791 gladio
2451 4703 2624 4769 sunt
2673 4694 2913 4771 necati

699 4949 755 5015 (¹)
788 4949 849 5002 B.
882 4953 937 5000 et
966 4963 1071 5001 non
1102 4950 1309 5002 trudere
1338 4948 1537 5002 Gurdo.
1660 4949 1715 5012 (¹)
1750 4948 1801 5002 S.
1832 4949 2037 5014 moris.
2162 4948 2218 5015 (⁸)
2249 4951 2310 5001 E.
2344 4950 2560 5003 Carolus
2591 4953 2698 5016 ipse
2729 4952 2918 5006 lvluet.

4315 4381 4339 4669 -Ἷ-ψφ*
4311 4212 4319 4247 ''¹‘'
