4392 6850
1515 953 1656 1022 430
2204 964 2645 1022 conamen
2693 967 3131 1022 Punouonu

1513 1111 1872 1188 circulum
1899 1109 2120 1184 istum
2149 1131 2539 1205 usquequo
2566 1111 2701 1186 sim
2732 1111 3031 1186 omnino
3058 1111 3457 1186 mundatus
3487 1112 3583 1186 ab
3606 1111 3758 1205 ira3
3784 1119 3853 1186 et

1507 1232 1714 1309 dicit:
1749 1254 1788 1306 e
1817 1254 1894 1305 se
1923 1234 1976 1305 'l
1999 1236 2197 1325 sumo
2230 1234 2441 1305 veder
2478 1253 2625 1305 non
2658 1235 2904 1323 tuscia,
2948 1233 3245 1328 scilicet,
3276 1232 3465 1308 alter
3510 1234 3851 1322 alterum,

1509 1351 1708 1447 quod
1757 1358 1948 1427 esset
1997 1351 2273 1426 certius
2339 1360 2891 1448 argumentum,
2944 1360 3219 1448 tamen,
3270 1353 3497 1428 tudir
3544 1357 3609 1426 ci
3658 1344 3855 1426 oerrd

1507 1475 1729 1564 9ιήηεί
1775 1475 1850 1544 in
1891 1475 2118 1564 quella
2168 1493 2351 1564 vece,
2386 1473 2597 1567 quasi
2646 1473 2863 1566 dicat,
2914 1472 3083 1548 licet
3130 1494 3277 1547 non
3328 1473 3599 1568 possim
3644 1471 3851 1566 sequi

1510 1598 1585 1668 te
1633 1593 2045 1685 coniuncte,
2081 1592 2269 1666 sicut
2317 1599 2397 1665 tu
2452 1593 2785 1687 sequeris
2823 1593 3077 1688 alium,
3112 1593 3285 1687 quia
3322 1614 3469 1668 non
3502 1593 3717 1668 video
3753 1601 3847 1687 te,

1511 1721 1759 1788 tamen
1810 1733 2079 1806 sequar
2131 1733 2391 1787 vocem
2442 1719 2671 1807 tuam,
2722 1719 2798 1788 et
2846 1713 2947 1786 ita
2982 1713 3263 1788 erimus
3296 1712 3643 1818 continuo
3678 1712 3849 1786 satis

1509 1833 1918 1929 propinqui.
1947 1873 2046 1886 -
2071 1835 2342 1906 Altera.
2394 1833 2525 1908 Hic
2574 1839 2790 1928 poeta
2849 1832 3019 1907 facit
3071 1832 3567 1908 narrationem
3632 1853 3845 1926 suam

1509 1975 1682 2029 cum
1737 1954 2104 2049 petitione,
2153 1953 2441 2028 dicens:
2493 1957 2747 2028 Altera
2794 1956 3256 2045 incommciai,
3291 1954 3571 2048 supple,
3606 1953 3849 2028 dicere

1512 2074 1608 2147 illi
1660 2074 1874 2149 avide
1923 2074 2357 2170 expectanti,
2393 2077 2571 2147 men’
2606 2095 2693 2147 vo
2724 2095 2917 2166 suso,
2950 2074 3241 2168 scilicet,
3278 2073 3369 2148 ad
3404 2075 3679 2148 coelum
3718 2095 3847 2170 per

1516 2193 2048 2290 purgatorium,
2125 2213 2259 2266 con
2326 2197 2555 2286 quella
2612 2177 2869 2288 fascia,
2938 2193 3209 2269 scilicet
3276 2213 3521 2288 carne,
3600 2201 3677 2269 et
3742 2202 3851 2269 est

1513 2315 1804 2411 propria
1856 2315 2376 2410 transumptio:
2442 2315 2629 2389 sicut
2690 2314 2883 2388 enim
2954 2313 3207 2388 debilis
3270 2313 3489 2388 fascia
3550 2314 3727 2410 ligat
3776 2319 3850 2388 et

1513 2434 1692 2529 tegit
1739 2434 2196 2528 infantulam,
2248 2434 2345 2509 ita
2398 2455 2574 2508 caro
2625 2433 2899 2530 fragilis
2949 2433 3295 2526 animam,
3332 2453 3501 2527 quae
3550 2433 3845 2527 quidem

1511 2576 1685 2630 caro
1734 2553 2038 2629 faciliter
2087 2553 2525 2648 dissolvitur,
2578 2553 2765 2627 sicut
2814 2553 3057 2648 fascia,
3118 2559 3195 2626 et
3254 2552 3603 2648 putrescit
3660 2553 3849 2628 inter

1471 2671 1478 2677 ’
1513 2674 1764 2750 sordes
1815 2673 2005 2748 sicut
2052 2673 2295 2748 fascia.
2348 2672 2553 2748 Unde
2584 2673 2791 2748 dicit:
2826 2675 2947 2746 che
2988 2677 3061 2746 la
3092 2679 3315 2746 morte
3346 2676 3669 2764 dissolve,
3704 2674 3846 2748 sci·-

1515 2796 1703 2889 licet‚
1757 2794 2058 2868 omnino
2122 2793 2468 2888 resolvit;
2520 2814 2687 2867 nam
2754 2801 2831 2868 et
2886 2801 3059 2868 ante
3118 2801 3433 2868 mortem
3498 2793 3848 2889 paulatim

1515 2914 1884 3009 rumpitur
1935 2920 2011 2988 et
2059 2913 2557 2988 consumitur:
2596 2920 2669 2987 et
2701 2914 2803 2987 sic
2842 2913 2988 2986 dixi
3040 2913 3237 3006 quod
3286 2933 3453 2986 sum
3488 2913 3741 3008 vivus3
3776 2921 3849 2988 et

1511 3032 1708 3108 addit
1757 3033 1976 3128 aliud,
2031 3033 2313 3107 dicens:
2366 3056 2405 3106 e
2452 3037 2658 3106 venui
2706 3037 2849 3128 qui,
2898 3032 2991 3106 ad
3052 3032 3243 3107 istud
3308 3033 3846 3128 purgatorium,

1505 3174 1638 3246 per
1686 3155 1999 3247 infernal
2025 3155 2409 3244 ambascia,
2444 3153 2648 3249 idest,
2684 3155 3014 3228 laborem
3050 3160 3125 3229 et
3160 3155 3573 3251 angustiam
3612 3153 3843 3230 maio-

1514 3293 1673 3348 rem
1727 3295 1954 3368 quam
2007 3273 2142 3349 iste
2189 3274 2303 3370 sit,
2356 3275 2564 3368 quasi
2626 3273 2854 3348 dicat:
2916 3274 2957 3318 *
2982 3264 3130 3349 non
3193 3275 3483 3351 mireris
3538 3275 3597 3349 si
3662 3277 3846 3350 vado

1511 3392 1724 3469 vivus
1775 3413 1905 3488 per
1958 3393 2495 3490 purgatorium,
2548 3393 2721 3489 quia
2762 3395 2921 3490 jam
2972 3394 3068 3469 ivi
3121 3416 3253 3491 per
3304 3395 3695 3491 infernum,
3759 3416 3845 3471 ac

1511 3514 1572 3587 si
1620 3512 1812 3587 dicat
1837 3512 1877 3557 ³¹²
1909 3508 2022 3605 ('):
2077 3514 2315 3589 habeo
2339 3515 2495 3610 jam
2540 3515 3029 3611 cognitionem
3067 3515 3414 3591 vitiorum
3468 3515 3846 3610 quaesitam

1515 3653 1782 3729 magno
1832 3633 2086 3707 labore
2135 3633 2210 3707 in
2261 3634 2569 3728 inferno,
2622 3654 2818 3709 nunc
2876 3634 3171 3709 intendo
3238 3636 3515 3711 habere
3574 3656 3849 3731 purga-

1513 3752 1784 3827 tionem
1837 3772 2100 3827 eorum
2155 3753 2227 3826 in
2279 3754 2729 3850 purgatorio.
2784 3756 2871 3827 Et
2929 3754 3100 3829 facit
3157 3776 3371 3829 suam
3424 3755 3844 3850 petitionem

1511 3872 1858 3947 adiurans
1906 3892 2081 3947 eum
2129 3892 2263 3966 per
2300 3873 2498 3947 illam
2532 3873 2981 3969 singularem
3018 3874 3333 3971 gratiam
3370 3896 3539 3971 quae
3574 3882 3686 3951 est
3718 3876 3845 3949 sibi

1512 4013 1879 4087 concessa,
1929 3994 2209 4069 dicens:
2262 4016 2299 4068 e
2346 4016 2421 4067 se
2468 3996 2632 4085 Dio,
2668 3995 2752 4088 si,
2787 4016 2923 4090 pro
2956 3995 3171 4090 quia;
3206 3996 3381 4090 quia
3420 3996 3579 4071 sine
3614 3995 3846 4092 gratia

1512 4113 1644 4188 Dei
1694 4134 1841 4187 non
1891 4120 2223 4209 poteram
2276 4134 2451 4188 cum
2515 4115 2712 4189 omni
2778 4115 3052 4190 auxilio
3104 4123 3177 4191 et
3226 4116 3525 4191 consilio
3577 4116 3847 4213 Virgilii

1512 4234 1757 4309 facere
1804 4242 1956 4309 tam
2007 4256 2303 4309 sacrum
2354 4255 2563 4330 opuS,
2616 4239 2707 4307 m’
2733 4238 2827 4308 Ιια
2879 4240 2955 4309 in
3010 4258 3143 4311 sua
3198 4241 3461 4329 qrazia
3520 4239 3845 4329 rioldum,

1514 4374 1636 4429 me
1683 4354 2257 4449 singularissime
2304 4354 2753 4429 admittendo
2812 4356 2907 4429 ad
2965 4376 3177 4431 suam
3229 4356 3622 4454 benignam
3675 4378 3847 4452 gra-

1516 4474 1714 4568 tiam,
1753 4482 1972 4563 ίαηεο,
2004 4476 2170 4547 ck’e'
2187 4477 2351 4547 vuol
2378 4475 2479 4547 cli'
2492 4478 2563 4547 io
2598 4477 2847 4565 veyyia
2880 4478 2955 4549 la
2982 4496 3117 4549 sua
3164 4484 3379 4567 corle,
3414 4477 3621 4572 idest,
3658 4477 3851 4571 quod

1512 4592 1724 4666 vivus
1772 4594 2162 4669 ascendam
2214 4592 2289 4667 in
2340 4594 2639 4687 coelum,
2684 4616 2819 4687 per
2868 4599 3079 4671 modo
3128 4604 3294 4671 tutto
3336 4600 3509 4693 sinor
3548 4600 3665 4672 del
3703 4618 3852 4671 mo·

1512 4712 1736 4785 demo
1767 4734 1920 4805 2130,
1955 4713 2247 4809 scilicet,
2286 4735 2417 4809 per
2450 4712 2807 4809 poeticam
2844 4717 3455 4811 speculationem3
3496 4718 3646 4793 imo
3688 4719 3851 4791 nul-

1513 4829 1630 4904 lus
1675 4831 2152 4926 antiquorum
2205 4834 2479 4909 nedum
2544 4833 3069 4909 modernorum
3137 4836 3463 4912 ascendit
3518 4858 3841 4934 unquam

1636 5098 1690 5161 (¹)
1721 5100 1796 5150 Le
1829 5098 2006 5163 parole
2039 5098 2119 5151 fr·
2151 5101 2168 5149 i
2201 5102 2303 5151 due
2334 5100 2599 5151 utet-imni
2630 5114 2758 5152 nono
2790 5100 2871 5151 dei
2900 5099 3073 5151 Codici
3104 5100 3157 5151 S.
3189 5115 3219 5152 e
3254 5105 3362 5151 117.
