4392 6850
1506 956 1646 1022 460
2232 965 2641 1023 COMENTUM
2688 967 3127 1024 PURGAToml

1493 1133 1627 1204 per
1681 1133 1758 1184 se
1813 1119 2061 1202 stessa,
2111 1110 2318 1207 idest,
2379 1113 2688 1188 cessavit
2754 1121 2828 1188 et
2892 1111 3176 1206 defecit,
3226 1135 3277 1186 a
3338 1115 3545 1204 ynisa
3606 1115 3675 1186 α’
3703 1131 3841 1184 una

1495 1235 1716 1325 bulla,
1773 1233 1976 1328 idest,
2029 1231 2219 1307 sicut
2266 1234 2615 1329 ampulla,
2652 1239 2762 1307 cui
2792 1254 3050 1308 manca
3090 1235 3135 1307 Γ
3162 1253 3416 1326 acqua,
3452 1233 3657 1328 idest,
3694 1251 3845 1306 ma·-

1499 1355 1683 1430 teria
1733 1373 1826 1428 ex
1879 1375 2052 1449 qua,
2102 1361 2281 1428 sotto
2329 1357 2502 1448 qual
2530 1358 2594 1428 si
2618 1359 2781 1450 feo,·
2822 1355 3013 1430 sicut
3056 1354 3253 1430 enim
3290 1353 3623 1430 videmus
3658 1359 3843 1427 tem·-

1499 1495 1682 1571 pore
1729 1475 1996 1570 pluviae
2047 1475 2122 1549 in
2170 1497 2389 1571 aqua,
2427 1476 2721 1570 quando
2774 1496 2922 1550 una
2974 1475 3173 1549 bulla
3224 1475 3547 1551 vanescit
3593 1481 3669 1549 et
3723 1493 3837 1548 re·

1502 1596 1809 1670 solvitur
1859 1596 2000 1670 alia
2050 1596 2295 1669 statim
2348 1595 2697 1691 nascitur,
2752 1595 2851 1670 ita
2899 1614 3098 1670 nunc
3154 1616 3299 1669 una
3352 1594 3592 1692 figura
3642 1595 3836 1669 finita

1503 1717 1579 1792 in
1631 1723 1878 1791 mente
1927 1716 2229 1810 autoriS,
2281 1716 2423 1790 alia
2473 1716 2952 1811 subintrabat,
3006 1717 3132 1791 sed
3181 1737 3447 1810 parum
3502 1715 3834 1810 durabat,

1504 1837 1690 1912 sicut
1741 1837 1940 1913 bulla
1992 1838 2067 1910 in
2115 1858 2353 1933 aqua3
2404 1841 2603 1910 surse
2660 1839 2735 1910 in
2792 1839 2937 1910 mia
2996 1838 3281 1927 visione,
3332 1835 3537 1930 idest,
3590 1834 3663 1908 in
3723 1835 3837 1910 illa

1503 1957 2013 2052 abstractione,
2053 1977 2200 2030 una
2228 1957 2593 2052 fanciulla,
2630 1956 2921 2051 scilicet,
2962 1955 3169 2052 virgo
3217 1954 3511 2028 Lavinia
3564 1955 3839 2030 formo-

1503 2077 1807 2169 sissima,
1850 2080 2257 2170 pianqendo
2298 2081 2512 2172 forle,
2564 2095 2787 2171 super
2851 2082 3167 2149 mortem
3211 2073 3509 2149 infelicis
3562 2073 3835 2168 matris,

1501 2222 1540 2271 e
1598 2200 1820 2288 dicea,
1877 2197 2082 2292 idest,
2143 2197 2390 2272 dicere
2452 2196 2837 2271 videbatur
2904 2196 2977 2268 in
3045 2196 3386 2290 planctu:
3449 2216 3493 2268 ο
3562 2197 3835 2286 reyina,

1503 2326 1744 2394 mater
1796 2338 1962 2393 mea
2010 2319 2296 2413 Amata,
2338 2311 2597 2410 perche*
2624 2320 2744 2390 hai
2776 2319 3007 2391 voluto
3033 2337 3171 2408 per
3206 2319 3323 2388 ira
3362 2337 3553 2388 esser
3590 2317 3835 2388 nulla?

1499 2441 1682 2528 Quia
1733 2438 1840 2513 ira
1895 2439 2239 2513 incitante
2290 2445 2545 2534 sponte
2596 2437 2915 2513 abiecisti
2970 2457 3151 2530 esse,
3204 2456 3355 2531 quo
3406 2435 3581 2510 nihil
3630 2435 3836 2510 nobi-

1502 2561 1640 2636 lius
1689 2561 1888 2634 Deus
1922 2566 1995 2634 et
2031 2565 2295 2634 natura
2336 2559 2573 2634 dedit?
2606 2559 2693 2632 Et
2727 2579 2903 2634 ecce
2936 2558 3342 2652 quomodo:
3382 2560 3625 2630 ancisa
3666 2558 3838 2630 t’ltai

1489 2704 1626 2777 per
1674 2701 1818 2754 non
1861 2683 2121 2773 perdar
2171 2682 2469 2772 Lauina,
2520 2679 2743 2754 filiam
2798 2687 3028 2754 tuam.
3080 2679 3231 2753 Hoc
3282 2678 3451 2753 dicit
3502 2676 3673 2772 quia
3726 2676 3833 2751 vi-

1497 2803 1814 2878 debatur
1877 2799 1978 2874 illi
2045 2799 2355 2895 perdere
2420 2819 2584 2875 eam
2652 2799 2711 2872 si
2772 2799 3151 2874 deveniret
3214 2800 3308 2874 ad
3372 2817 3637 2873 manus
3699 2795 3830 2871 viri

1502 2923 1874 3017 extranei3
1909 2943 1998 2995 or
2031 2923 2253 2994 m’loeai
2276 2923 2604 3013 perduta,
2632 2919 3131 2995 interficiendo
3166 2925 3275 3012 te3
3312 2925 3387 2993 et
3422 2917 3827 2994 manifestat

1499 3065 1602 3138 se,
1651 3043 1937 3118 dicens:
1988 3045 2058 3115 io
2105 3063 2283 3116 sono
2332 3063 2515 3132 essa,
2566 3041 2855 3136 scilicet,
2892 3039 3211 3134 Lavinia,
3247 3042 3366 3112 che
3400 3043 3595 3132 ἱααο,
3632 3038 3831 3132 idest,

1501 3163 1730 3260 plor0,
1784 3165 2058 3253 madre,
2109 3161 2315 3254 idest,
2367 3181 2414 3235 o
2468 3165 2705 3234 mater
2760 3179 2950 3255 mea,
2992 3163 3165 3252 pria
3214 3162 3361 3233 alla
3410 3167 3531 3232 tua
3580 3160 3835 3232 rovina

1501 3286 1734 3358 ch’alt’
1749 3285 1981 3356 aurai.
2017 3283 2170 3356 Hoc
2204 3281 2395 3375 dicit,
2424 3281 2597 3375 quia
2631 3281 2891 3355 Amata
2928 3286 3378 3376 praemortua
3414 3284 3525 3354 est
3564 3281 3835 3371 Turno,

1501 3405 1671 3501 quia
1725 3403 2051 3481 nondum
2101 3402 2396 3476 Turnus
2446 3400 2731 3475 occisus
2766 3406 2925 3475 erat
2960 3400 3054 3475 ab
3106 3401 3327 3496 Enea,
3366 3399 3571 3494 quasi
3607 3397 3835 3474 dicat:

1500 3526 1701 3623 prius
1751 3526 1958 3620 ploro
2010 3525 2105 3598 ob
2157 3529 2475 3598 mortem
2530 3529 2735 3596 tuam
2770 3521 3353 3619 ignominiosam,
3392 3542 3615 3615 quam
3660 3520 3837 3595 alio-

1501 3667 1699 3741 rum,
1750 3644 1873 3739 qui
1927 3665 2061 3740 pro
2115 3662 2237 3718 me
2285 3643 2603 3740 gloriose
2654 3642 2927 3716 mortui
2976 3648 3169 3716 sunt.
3208 3643 3296 3715 Et
3345 3641 3462 3715 hic
3502 3648 3701 3735 nota,
3735 3640 3837 3715 le-

1501 3771 1684 3860 ctor,
1734 3764 1933 3860 quod
1983 3763 2325 3861 Virgilius
2374 3764 2562 3837 hane
2612 3762 2977 3837 fictionem
3020 3764 3297 3859 accepit
3346 3762 3439 3837 ab
3489 3760 3836 3859 Homem,

1501 3885 1630 3981 qui
1681 3886 1754 3958 in
1811 3886 1910 3959 XI
1941 3884 2279 3982 Odysseae
2326 3882 2721 3957 introducit
2778 3882 3157 3957 Anticliam
3219 3889 3532 3957 matrem
3590 3881 3836 3978 Ulyxis

1502 4025 1670 4102 quae
1719 4005 2055 4100 apparuit
2097 4003 2243 4077 filio
2285 4003 2358 4077 in
2410 4002 2695 4076 inferno
2728 4002 2917 4077 inter
2950 4002 3129 4077 alias
3168 4003 3449 4077 animas
3500 4002 3833 4094 illustreS,

1502 4132 1575 4201 et
1627 4126 1951 4200 narravit
1986 4124 2301 4220 qualiter
2342 4144 2423 4197 se
2462 4122 2927 4198 interfecerat
2966 4122 3041 4196 in
3076 4123 3223 4197 vita
3256 4122 3612 4197 desiderio
3654 4122 3832 4197 eius.

1503 4246 1703 4322 Sicut
1771 4267 1953 4342 ergo
2026 4244 2325 4320 Anticlia
2398 4243 2772 4338 suspendit
2846 4262 2928 4318 se
2994 4244 3261 4338 laqueo
3324 4244 3587 4317 timens
3652 4242 3837 4317 ami-

1501 4366 1678 4441 sisse
1728 4365 2277 4441 dilectissimum
2331 4364 2557 4437 filium
2613 4384 2859 4457 suum,
2902 4364 3001 4438 ita
3045 4363 3304 4438 Amata
3358 4363 3622 4438 timens
3670 4384 3837 4457 per-

1500 4486 1762 4561 didisse
1809 4486 2184 4561 Laviniam
2238 4486 2457 4559 filiam
2510 4484 3050 4561 dilectissimam
3104 4491 3178 4559 et
3226 4486 3556 4558 Turnum
3611 4504 3837 4581 gene-

1504 4628 1674 4680 rum
1725 4627 1969 4680 suum.

1655 4732 1860 4800 Come
1905 4732 1970 4801 si
2009 4730 2291 4822 sranye.
2346 4728 2486 4800 Ista
2552 4732 2663 4799 est
2728 4726 3049 4800 secunda
3111 4746 3282 4821 pars
3340 4725 3707 4822 generalis
3768 4724 3837 4798 in

1500 4854 1650 4942 qua
1699 4854 1916 4942 poeta
1965 4848 2307 4922 describit
2365 4845 2894 4941 apparitionem
2956 4838 3220 4943 angeli,
3273 4844 3398 4939 qui
3460 4843 3836 4918 mundavit

1500 4988 1675 5043 eum
1727 4988 1770 5040 a
1822 4967 1996 5041 vitio
2047 4967 2178 5041 irae
2228 4974 2303 5042 et
2352 4965 2618 5040 direxit
2666 4966 2758 5039 ad
2800 4965 3025 5039 alium
3064 4964 3446 5056 circulum,
3490 4963 3618 5037 ubi
3662 4984 3835 5057 pur-

1500 5094 1721 5184 gatur
1769 5087 1966 5162 aliud
2017 5087 2297 5163 vitium.
2352 5088 2439 5161 Et
2488 5084 2725 5181 primo
2776 5086 3087 5161 ostendit
3136 5083 3507 5179 quomodo
3558 5083 3832 5159 excita-
