4392 6850
1256 946 1533 1003 camus
1580 946 1895 1003 memus
1943 945 2201 1003 nonus,
2761 934 2904 1005 503

562 1092 719 1168 eius
768 1092 997 1198 foetet,
1050 1110 1268 1167 narae
1318 1094 1579 1187 fluunt,
1616 1090 1811 1167 oculi
1862 1082 2392 1190 lacrymantur,
2427 1094 2578 1167 imo
2627 1094 2905 1169 evomit

465 1268 475 1295 ἱ
562 1213 837 1307 vinum,
888 1209 1197 1287 effundit
1247 1232 1639 1288 venenum.
1674 1204 2009 1302 Quantus
2044 1213 2133 1287 sit
2166 1214 2386 1289 foetor
2421 1214 2736 1290 luxuriae
2770 1217 2910 1292 soe—

561 1334 737 1410 dum
790 1341 897 1409 est
948 1334 1216 1410 dicere.

706 1458 789 1529 Ιο
840 1458 1034 1529 υοὶεἰ.
1087 1454 1231 1531 Ista
1266 1461 1379 1530 est
1410 1455 1733 1531 secunda
1765 1476 1933 1551 pars
1971 1454 2359 1551 generaliS,
2395 1456 2470 1531 in
2506 1478 2654 1551 qua
2687 1465 2906 1554 poeta

560 1582 823 1653 tractat
869 1575 964 1651 de
1012 1570 1313 1651 introitu
1363 1574 1457 1649 ad
1508 1576 1849 1670 quintum
1900 1574 2290 1670 circulum,
2341 1582 2417 1650 et
2466 1578 2907 1674 purgatione

562 1716 695 1771 sua
744 1696 933 1771 facta
982 1714 1115 1791 per
1166 1693 1537 1793 angelum.
1572 1696 1661 1769 Et
1700 1696 1939 1791 primo
1980 1695 2293 1769 ostendit
2333 1697 2706 1791 quomodo
2741 1698 2906 1774 Vir-

562 1814 777 1914 gilius
828 1814 1157 1892 invitavit
1187 1810 1259 1909 (¹)
1315 1836 1493 1890 eum
1535 1812 1637 1889 'ad
1688 1813 2234 1910 procedendum
2285 1814 2360 1889 in
2413 1816 2528 1891 via
2579 1839 2737 1913 sua,
2789 1818 2904 1893 di-

562 1958 770 2013 ceus:
823 1940 906 2010 Io
954 1940 1134 2011 vol-‘n'
1177 1940 1280 2028 qli
1326 1938 1517 2010 oochi
1564 1938 1642 2010 al
1687 1936 1871 2010 buon
1920 1944 2226 2009 maescro
2244 1964 2276 2031 ;
2332 1958 2422 2013 ac
2471 1938 2532 2012 si
2582 1939 2904 2015 diceret:

560 2058 735 2153 quid
784 2063 1011 2135 restat
1060 2056 1476 2154 agendum?
1526 2080 1563 2129 e
1612 2064 1899 2149 mercer-e,
1934 2056 2140 2151 idest,
2177 2058 2472 2133 interim
2518 2080 2692 2133 cum
2747 2060 2906 2135 vol-

562 2196 815 2252 verem
866 2178 1143 2271 oculo&
1194 2196 1385 2267 voce,
1435 2176 1705 2253 scilicet
1753 2176 2053 2274 Virgilii,
2104 2178 2306 2252 venit
2371 2178 2464 2254 ad
2517 2200 2665 2274 me,
2715 2200 2908 2253 come

556 2299 852 2371 dicasse.-
884 2300 1110 2389 suryi,
1146 2298 1320 2393 quia
1368 2298 1543 2371 satis
1588 2290 1941 2390 dormisti,
1978 2300 2053 2371 et
2086 2298 2578 2393 phantasiasti,
2619 2322 2656 2373 e
2695 2304 2900 2395 vieni,

560 2423 859 2492 treviam
908 2422 984 2492 la
1020 2425 1267 2511 porta,
1319 2417 1488 2494 novi
1538 2418 1817 2512 circuli,
1856 2438 1993 2511 per
2048 2420 2123 2491 la
2186 2422 2360 2509 qual
2419 2426 2491 2493 cu
2549 2428 2763 2494 encre.
2818 2420 2908 2493 Et

564 2539 909 2614 continuo
942 2538 1173 2635 tangit
1206 2558 1419 2613 suam
1457 2536 1946 2613 obedientiam
1986 2557 2159 2612 cum
2194 2538 2678 2634 descriptione
2713 2545 2906 2613 tem-

568 2660 783 2756 poris,
834 2658 1118 2735 dicens:
1168 2680 1253 2732 su
1302 2661 1399 2732 mi
1446 2661 1651 2750 tevai,
1700 2661 1759 2731 ε’
1784 2660 1998 2751 airon
2058 2660 2145 2732 de
2207 2661 2252 2731 Γ
2279 2660 2422 2733 alto
2473 2666 2724 2751 monte,
2777 2660 2904 2754 qui

572 2779 796 2855 tendit
845 2800 1085 2875 usque
1132 2780 1226 2853 ad
1276 2780 1576 2873 crelam,
1610 2800 1787 2852 eran
1834 2768 1959 2871 9ἰὰ
1994 2781 2184 2871 pieni
2215 2781 2374 2853 dell’
2397 2782 2584 2853 altro
2633 2772 2732 2871 di,
2766 2779 2908 2853 sci-

570 2900 737 2975 licet
784 2900 1023 2994 tertio,
1076 2900 1283 2994 quasi
1334 2898 1561 2973 dicat:
1613 2918 1872 2973 omnes
1920 2896 2175 2974 circuli
2233 2898 2638 2995 purgatorii
2691 2904 2904 2975 erant

560 3020 715 3115 jam
766 3018 1148 3094 illuminati
1203 3040 1395 3093 novo
1444 3020 1617 3094 sole.
1674 3018 1874 3094 Unde
1906 3018 2112 3094 dicit:
2151 3025 2219 3091 et
2247 3022 2609 3092 andavam
2649 3022 2762 3093 col
2795 3021 2909 3094 sol

566 3160 797 3216 nuovo
847 3140 985 3213 alle
1029 3142 1210 3232 reni,
1246 3140 1419 3234 quia
1460 3146 1635 3214 tunc
1669 3146 1882 3214 erant
1912 3140 2246 3213 conversi
2283 3139 2376 3214 ad
2411 3141 2906 3235 occidentem3

566 3266 641 3336 et
674 3262 833 3337 haec
864 3268 975 3336 oet
1009 3260 1220 3336 tertia
1255 3260 1408 3335 dies
1440 3267 1827 3356 postquam
1864 3259 2329 3334 intraverunt
2361 3260 2900 3356 purgatorium.

566 3382 652 3455 Et
701 3380 947 3456 subdit
994 3402 1207 3455 suam
1258 3378 1799 3476 dispositionem
1836 3376 1908 3454 in
1942 3378 2079 3454 ista
2115 3378 2231 3455 via
2271 3398 2405 3476 per
2443 3400 2665 3454 unam
2703 3401 2912 3456 com-

568 3503 1019 3598 parationem
1063 3499 1539 3578 domesticam
1592 3505 1667 3576 et
1714 3499 2014 3596 claram,
2048 3501 2336 3576 dicens:
2391 3495 2740 3594 'sequendo
2791 3501 2912 3595 lm’,

569 3623 844 3698 bonum
912 3621 1205 3716 ducem,
1253 3629 1567 3715 poreava
1640 3624 1711 3694 la
1787 3624 1931 3694 mia
1992 3625 2254 3715 fronte,
2315 3621 2768 3721 incurvatus·
2819 3621 2914 3696 ad

572 3753 871 3836 terram,
924 3761 1137 3815 come·
1170 3743 1353 3815 colui
1410 3741 1531 3815 che
1592 3743 1639 3814 t
1664 3743 1760 3814 Ιια
1822 3743 1898 3815 di
1960 3745 2244 3834 pen-sier
2311 3761 2568 3834 carca,·
2645 3761 2914 3838 magna

573 3863 767 3938 enim
836 3868 913 3936 et
978 3861 1183 3935 fortis
1256 3880 1440 3935 cura
1514 3859 1871 3957 gravabat
1944 3867 2270 3934 mentem
2348 3880 2558 3935 suam
2618 3867 2914 3956 propter

572 3984 767 4058 illam
826 3981 1233 4056 mirabilem
1287 3980 1685 4076 visionem3
1740 3979 1901 4055 ideo
1958 3980 2165 4055 dicit:
2229 3981 2351 4054 che
2399 3981 2484 4073 sa
2548 3982 2626 4053 di
2684 4001 2760 4053 se
2816 4001 2914 4053 un

574 4125 815 4178 mezzo
864 4123 1039 4177 arco
1088 4105 1165 4176 di
1203 4109 1441 4199 ponte,
1492 4102 1616 4196 qui
1644 4093 1719 4194 (²)
1758 4101 2095 4175 incurvat
2144 4121 2224 4176 se
2251 4090 2326 4193 (³)
2365 4121 2455 4175 eo
2491 4099 2710 4174 modo
2761 4119 2912 4194 quo

574 4225 977 4302 semiarcus
1027 4224 1180 4299 sive
1230 4221 1612 4298 semivolta
1662 4221 1897 4317 pontis
1930 4220 2185 4316 lapidei
2227 4242 2448 4317 supra
2487 4222 2782 4295 flumen.
2811 4256 2912 4273 --

582 4347 896 4434 Quando,
953 4343 1083 4417 Hic
1131 4351 1346 4438 poeta
1381 4342 1581 4438 ponit
1622 4341 1991 4435 quomodo
2034 4340 2256 4415 suerit
2287 4341 2607 4416 directus
2641 4341 2735 4416 ab
2774 4362 2911 4416 an-

572 4465 760 4561 gelo,
812 4461 1093 4538 dicens:
1148 4461 1250 4536 sic
1300 4481 1483 4558 ergo
1530 4461 1750 4554 ibam,
1798 4463 2055 4552 quam?
2080 4463 2151 4533 io
2188 4463 2332 4534 udi’
2346 4463 2676 4553 parlare,
2719 4459 2912 4534 scili-

574 4590 711 4678 cet,
762 4583 859 4657 ab
907 4580 1195 4678 angelo,
1230 4584 1472 4672 venite,
1508 4583 1629 4673 qui
1672 4583 1737 4653 si
1782 4601 2029 4672 varca,
2071 4579 2276 4675 idest,
2329 4579 2447 4653 hie
2497 4585 2609 4654 est
2659 4599 2914 4675 passus

573 4705 665 4779 ad
696 4704 925 4779 alium
960 4703 1347 4796 circulum,
1372 4705 1449 4774 in
1482 4703 1693 4774 modo
1724 4719 1937 4773 soave
1968 4722 2007 4773 e
2040 4701 2363 4792 benigno,
2390 4700 2563 4794 quia
2591 4721 2736 4774 vox
2773 4721 2918 4773 non

576 4831 736 4899 erat
786 4825 1137 4916 humana,
1174 4821 1337 4896 ideo
1368 4820 1578 4896 dicit:
1614 4823 1787 4914 qual
1814 4841 1957 4893 non
2004 4823 2069 4893 si
2113 4829 2300 4894 sente
2340 4823 2414 4894 in
2451 4827 2692 4913 questa
2726 4841 2922 4892 mor-

701 5011 757 5072 (·)
788 5009 851 5060 Β.
882 5009 1176 5060 invitaverit
1205 5023 1345 5060 eum.
1828 5004 1885 5070 (Ἴ
1915 5006 1977 5056 Ε.
2010 5007 2131 5071 quia
2163 5006 2420 5058 incurvat.

704 5085 759 5150 (⁸)
792 5091 901 5149 11⁷,
934 5099 990 5137 se
1020 5087 1285 5152 quomodo
1316 5087 1611 5137 semineus.
