4392 6850
1444 888 1589 955 528
2165 896 2577 953 com-run
2623 896 3062 953 runcuoan

1438 1042 1705 1117 domus
1754 1043 1889 1117 ista
1940 1062 2089 1117 non
2136 1048 2334 1117 esset
2383 1048 2640 1138 potens
2669 1046 2845 1118 ante
2885 1042 3102 1117 istam
3133 1041 3430 1136 dotem3
3467 1042 3595 1117 sed
3629 1044 3790 1117 vult

1438 1160 1710 1256 dicere,
1744 1161 1944 1256 quod
1976 1168 2149 1237 ante
2182 1162 2378 1237 istud
2411 1162 2686 1237 sactum
2724 1161 2858 1237 ista
2901 1161 3168 1236 domus
3205 1162 3524 1237 habebat
3559 1184 3784 1237 unam

1434 1282 1981 1379 verecundiam,
2030 1284 2208 1378 quia
2253 1284 2638 1359 dicebatur
2687 1284 2784 1359 de
2831 1283 3280 1359 obscuritate
3327 1288 3406 1359 et
3451 1283 3786 1380 ignobili-

1435 1407 1588 1477 tate
1634 1402 1957 1500 originis
2010 1403 2154 1479 Sed
2203 1411 2368 1499 post
2427 1403 2616 1477 istud
2679 1402 2956 1477 factum
3017 1409 3408 1498 coepemnt
3457 1403 3790 1478 homines

1434 1521 1681 1599 (licere
1730 1522 1823 1599 de
1870 1522 2181 1600 avaritia
2229 1529 2308 1599 et
2353 1523 2702 1598 iniustitia
2753 1523 2828 1597 in
2881 1522 3404 1599 verecundiam
3449 1522 3787 1618 istorum,

1434 1644 1537 1719 ita
1586 1644 1787 1739 quod
1836 1643 2075 1719 maior
2124 1644 2570 1721 verecundia
2621 1650 2698 1719 et
2745 1644 3044 1719 infamia
3091 1644 3392 1719 abstulit
3441 1646 3786 1742 primam,

1437 1764 1539 1839 ita
1584 1764 1786 1859 quod
1836 1764 2151 1861 amplius
2193 1785 2342 1839 non
2375 1763 2758 1840 dicebatur
2787 1764 2884 1839 de
2917 1764 3360 1839 macellaria.
3395 1764 3606 1854 Quod
3636 1785 3780 1839 au-

1434 1891 1589 1961 tem
1642 1885 1780 1961 ista
1826 1885 1918 1959 sit
1970 1884 2274 1959 intentio
2323 1892 2584 1980 poetae,
2617 1884 2944 1960 declarat
2981 1905 3302 1979 sequens
3334 1885 3566 1980 litera,
3599 1884 3782 1960 dum

1438 2004 1729 2081 subdit:
1794 1998 1840 2079 li
1890 1997 2252 2095 conducio,
2301 2005 2398 2079 ab
2455 2004 2578 2080 illa
2626 2004 2798 2080 dote
2857 2010 2932 2080 et
2991 2004 3236 2099 praeda
3305 2026 3596 2103 magna,
3647 2026 3780 2079 σαι

1426 2130 1649 2221 forza
1696 2147 1737 2198 e
1784 2146 1917 2198 con
1966 2146 2362 2215 menzoyna
2423 2127 2500 2199 la
2553 2146 2688 2197 sua
2741 2128 3008 2219 rapam
3025 2150 3059 2219 ‚·
3107 2126 3284 2219 quia
3331 2126 3554 2222 coepit
3604 2133 3782 2201 tunc

1432 2246 1673 2341 primo
1734 2265 1999 2341 rapere
2062 2245 2423 2320 violenter
2479 2250 2554 2319 et
2615 2245 3168 2339 fraudulenter3
3219 2268 3260 2319 e
3301 2252 3574 2340 pose-ia,
3625 2248 3784 2342 pari

1434 2366 1507 2439 vi
1556 2372 1635 2441 et
1681 2366 1964 2458 fraude,
2012 2386 2222 2459 prese
2269 2369 2501 2456 Ponti,
2553 2364 2757 2461 idest,
2809 2366 3242 2441 comitatum
3305 2368 3538 2459 Ponti,
3595 2373 3786 2441 Nor·-

1434 2488 1725 2559 mandia
1774 2507 1813 2559 e
1868 2489 2290 2577 Guascoqna
2309 2512 2340 2580 ,·
2401 2492 2480 2560 et
2539 2485 2756 2559 dicit:
2799 2508 2938 2579 per
2995 2490 3396 2579 ammenda,
3458 2487 3786 2582 loquitur

1432 2606 1731 2701 ironice,
1794 2606 2004 2701 quasi
2066 2606 2301 2681 dicat:
2365 2605 2462 2681 ad
2527 2606 3118 2682 emendationem
3182 2608 3440 2703 primae
3509 2608 3784 2703 rapine

1434 2727 1647 2801 factae
1696 2726 1789 2801 de
1821 2726 2226 2819 Provincia,
2265 2726 2599 2801 fecerunt
2629 2726 2850 2801 aliam
2901 2726 2995 2801 de
3041 2726 3199 2801 aliis
3249 2726 3656 2823 provinciis
3683 2768 3788 2783 —

1440 2850 1675 2920 Car-lo,
1712 2846 1842 2920 Hic
1873 2845 2109 2921 dictus
2134 2847 2350 2942 Hugo
2381 2845 2683 2921 damnat
2711 2844 2898 2921 duas
2931 2846 3308 2923 violentias
3341 2847 3568 2923 factas
3601 2868 3780 2922 cru-

1433 2967 1693 3043 deliter
1740 2987 1874 3063 per
1925 2967 2274 3042 Carolum
2325 2966 2777 3063 praedictum.
2821 2966 2928 3041 Ad
2971 2968 3462 3065 cognitionem
3515 2970 3778 3066 primae

1430 3088 1657 3165 debes
1706 3089 1917 3183 scire,
1970 3088 2166 3183 quod
2215 3088 2674 3163 Conradinus
2721 3088 3128 3163 debellatus
3161 3088 3232 3163 in
3279 3108 3567 3185 campo,
3601 3110 3782 3165 con-

1431 3208 1589 3285 silio
1638 3216 1717 3284 et
1762 3214 1927 3283 arte
1976 3207 2169 3283 senis
2217 3208 2485 3302 Alardi,
2525 3214 2606 3281 ut
2640 3208 2854 3303 plene
2891 3208 3168 3284 dictum
3203 3215 3317 3285 est
3353 3210 3618 3285 Inferni
3653 3230 3783 3285 ca-

1432 3331 1663 3428 pitulo
1711 3329 2025 3424 XXVIII,
2074 3328 2364 3427 fugiens
2412 3330 2748 3425 pervenit
2803 3348 2978 3403 cum
3028 3328 3466 3424 quibusdam
3517 3348 3778 3426 proce-

1432 3451 1638 3526 ribus
1684 3452 1781 3525 ad
1830 3450 2149 3548 plagiam
2198 3451 2478 3544 Romae,
2511 3449 2604 3525 ad
2651 3439 3036 3526 castellum
3089 3450 3366 3526 dictum
3401 3451 3643 3524 Asturi
3675 3445 3782 3546 (¹),

1434 3571 1559 3646 ubi
1610 3578 1898 3645 armata
1950 3569 2192 3645 subito
2243 3569 2548 3667 fugitiva
2581 3569 2928 3645 tendebat
2959 3571 3036 3643 in
3075 3569 3418 3665 Siciliam,
3457 3591 3628 3664 quae
3658 3589 3786 3645 re-

1432 3690 1752 3766 bellabat
1802 3689 2082 3765 Carolo.
2138 3689 2280 3765 Sed
2330 3697 2588 3786 captus
2619 3709 2666 3764 a
2699 3691 3022 3785 quodam
3063 3691 3396 3766 Iohanne
3423 3691 3520 3766 de
3551 3690 3784 3765 Fran-

1432 3811 1817 3909 gipanibus
1880 3811 1975 3887 de
2048 3811 2308 3904 Roma,
2361 3816 2840 3906 praesentatus
2911 3811 3050 3886 fuit
3121 3811 3407 3887 Carolo.
3471 3812 3782 3888 Carolus

1434 3938 1594 4028 m
1642 3931 1923 4028 aliquot
1974 3952 2266 4007 menses
2313 3931 2646 4007 consulte
2693 3939 2772 4006 et
2817 3931 3219 4009 deliberate
3265 3933 3342 4008 in
3391 3933 3554 4009 foro
3593 3935 3782 4008 Nen-

1434 4051 1615 4148 polis
1647 4052 1816 4128 fecit
1846 4051 2194 4127 decollari
2242 4051 2482 4148 ipsum
2525 4051 3024 4128 Conradinum
3059 4058 3134 4128 et
3163 4054 3432 4130 ducem
3467 4052 3782 4128 Austriae

1434 4192 1608 4247 cum
1676 4171 1927 4246 multis
2000 4171 2392 4246 comitibus
2453 4177 2530 4246 et
2591 4173 3012 4268 baronibuS,
3077 4194 3398 4267 quorum
3467 4195 3776 4269 comora

1436 4293 1669 4368 vetuit
1716 4292 2004 4388 sepeliri
2054 4292 2133 4367 in
2180 4311 2416 4367 sacro.
2453 4293 2640 4368 Dicit
2689 4313 2916 4391 ergo:
2965 4299 3204 4384 Germ,
3235 4295 3528 4389 scilicet,
3565 4303 3782 4370 vetus

1426 4413 1733 4508 prinus,
1808 4413 2043 4490 victor
2114 4413 2492 4506 Mant'redi,
2569 4433 2788 4487 amne
2857 4417 2936 4488 in
3011 4418 3243 4507 Italia,
3314 4422 3618 4490 vocatus
3681 4413 3782 4491 ab

1424 4532 1771 4628 Ecclesia,
1822 4555 1863 4607 e
1924 4536 2189 4608 vium
2245 4537 2344 4628 fe,
2401 4533 2609 4629 idest,
2667 4533 3132 4629 sacrificium,
3201 4537 3278 4610 di
3348 4539 3780 4629 cur-ram,

1422 4653 1598 4749 quia
1660 4653 1899 4751 ipsum
1960 4655 2592 4730 adolescentulum
2659 4654 3152 4750 innocentem,
3203 4657 3408 4730 velut
3469 4677 3780 4754 agnum,

1424 4771 1835 4850 immolavit
1862 4767 1964 4870 (¹),
2014 4797 2153 4870 per
2209 4777 2632 4870 arammeh,-
2681 4776 3010 4870 loquitur
3053 4775 3356 4872 ironice,
3405 4777 3616 4872 quasi
3665 4777 3782 4852 ‹fi-

1558 5034 1613 5097 (¹)
1648 5038 1757 5096 11⁷,
1790 5035 2005 5088 Astura.
2505 5037 2564 5101 (⁸)
2593 5042 2706 5098 11⁷,
2729 5035 3006 5102 jugulum
