4392 6850
1455 979 1738 1034 cAN'rUs
1786 979 2076 1076 snmus·
2795 966 2935 1037 177

587 1121 752 1218 gior
805 1141 1028 1215 quam
1083 1125 1318 1216 putes.
1369 1122 1580 1216 Nam,
1624 1125 1870 1215 prima
1915 1123 2036 1196 che
2087 1125 2176 1196 sii
2234 1117 2449 1215 tassia,
2516 1123 2808 1218 scilicet,
2862 1123 2937 1198 in

593 1241 998 1335 cacumine,
1051 1241 1302 1316 vedrai
1343 1247 1626 1334 tornar,
1661 1242 1932 1318 scilicet
1971 1242 2066 1317 ad
2113 1249 2390 1337 ortum,
2425 1246 2631 1336 colui,
2666 1244 2938 1318 scilicet

593 1362 846 1456 solem,
895 1363 1016 1436 che
1060 1351 1184 1452 ρίὰ
1231 1364 1296 1435 si
1341 1382 1554 1454 copre
1599 1365 1786 1436 della
1833 1368 2055 1454 costa,
2103 1362 2375 1438 scilicet
2434 1364 2721 1458 montiS,
2774 1370 2935 1458 post

593 1503 812 1576 quem
856 1483 1014 1578 jam
1063 1483 1500 1577 occultatur,
1551 1475 1612 1556 si
1657 1486 1779 1557 che
1824 1486 1854 1556 i
1897 1487 2055 1558 suoi
2091 1486 2309 1575 raam·
2356 1491 2429 1558 tu
2458 1503 2747 1577 romper
2786 1505 2931 1556 non

583 1607 717 1699 fai,
767 1603 972 1698 idest,
1025 1623 1172 1678 non
1225 1601 1398 1678 facis
1449 1605 1824 1697 umbram,
1875 1603 2050 1698 quia
2097 1605 2210 1678 sol
2260 1604 2519 1678 bassus
2570 1625 2715 1680 non
2767 1603 2935 1678 ferit

587 1730 662 1802 te
709 1723 1044 1818 amplius.
1071 1763 1172 1780 --
1195 1727 1320 1797 Μα
1372 1726 1547 1797 vedi.
1601 1725 1812 1798 Nunc
1861 1729 2076 1819 poeta
2125 1723 2469 1798 describit
2502 1725 2745 1798 virum
2784 1723 2933 1797 sin·-

585 1846 922 1941 gularem
953 1836 1055 1938 (¹),
1105 1845 1666 1940 compatriotam
1726 1844 2023 1942 Virgilii.
2083 1842 2190 1917 Ad
2252 1844 2465 1918 cuius
2524 1844 2933 1942 intelligen-

587 1967 764 2042 tiam
831 1966 1054 2042 debes
1121 1965 1324 2062 prius
1397 1965 1607 2059 scire,
1675 1966 1873 2060 quod
1931 1965 2048 2039 hic
2123 1985 2361 2039 novus
2429 1965 2721 2059 spiritus
2794 1964 2931 2038 fuit

585 2086 886 2181 quidam
919 2085 1094 2162 civis
1127 2092 1576 2160 mantuanus
1607 2085 1906 2160 nomine
1939 2085 2335 2180 SordelluS,
2368 2084 2639 2184 nobilis*
2650 2092 2727 2159 et
2752 2105 2932 2180 pru-

583 2207 766 2282 dens
815 2207 1045 2301 mile5‚
1097 2213 1172 2282 et
1234 2214 1316 2282 ut
1363 2206 1588 2300 aliqui
1640 2206 1916 2301 volunt,
1969 2205 2287 2300 curialis,
2340 2213 2673 2301 tempore
2722 2205 2951 2280 Ecci-

587 2324 724 2401 rini
791 2325 884 2400 de
957 2326 1316 2420 Romane,
1375 2325 1469 2400 de
1531 2345 1682 2420 quo
1754 2324 2002 2399 audivi
2066 2328 2235 2417 (non
2302 2333 2555 2400 tamen
2614 2325 2930 2416 affirmo)

583 2444 756 2520 satis
804 2447 1146 2541 jocosum
1215 2465 1524 2536 novum,
1585 2444 1785 2539 quod
1851 2444 2177 2520 breviter
2244 2451 2355 2520 est
2419 2444 2583 2519 talis
2649 2444 2930 2518 formae.

586 2564 916 2652 Habebat
963 2563 1340 2640 Eccirinus
1379 2563 1780 2658 quamdam
1823 2582 2157 2640 sororem
2194 2585 2409 2640 suam
2450 2564 2663 2638 valde
2703 2581 2930 2640 vene-

590 2683 822 2779 r‘eam,
867 2685 962 2760 de
1011 2706 1158 2778 qua
1195 2685 1274 2758 fit
1307 2686 1570 2782 longus
1605 2705 1852 2760 sermo
1884 2685 2208 2760 Paradisi
2244 2685 2562 2780 capitulo
2595 2684 2715 2758 IX.
2752 2683 2935 2771 Quae

589 2827 894 2884 accensa
943 2825 1204 2882 amore
1253 2805 1556 2882 Sordelli
1598 2805 1958 2881 ordinavit
1997 2813 2238 2900 caute,
2281 2805 2479 2900 quod
2530 2806 2650 2881 ille
2701 2805 2927 2878 intra-

592 2935 706 3004 ret
751 2927 846 3003 ad
898 2946 1066 3002 eam
1119 2916 1455 3021 tempore
1505 2926 1738 3000 noctis
1795 2947 1928 3022 per
1989 2947 2225 3000 unum
2286 2927 2631 3002 ostiolum
2693 2931 2934 3021 poste-

587 3047 743 3124 rius
783 3048 1001 3143 ,iuxta
1049 3046 1442 3140 coquinam
1494 3045 1738 3144 palatii
1789 3046 1866 3120 in
1913 3045 2207 3120 civitate
2240 3047 2591 3140 Veronae3
2635 3052 2711 3121 et
2758 3044 2931 3139 quia

589 3168 664 3242 in
713 3173 944 3244 strata
1005 3175 1168 3242 erat
1226 3174 1444 3262 turpe
1492 3167 1966 3242 volutabrum
2029 3186 2453 3263 porcorum,
2517 3166 2673 3243 sive
2725 3165 2932 3261 pocia

588 3289 1042 3381 brodiorum,
1095 3287 1195 3361 ita
1249 3294 1330 3360 ut
1381 3289 1584 3362 locus
1624 3287 1824 3360 nullo
1861 3287 2080 3362 modo
2115 3287 2491 3362 videretur
2526 3293 2930 3383 suspectus,

587 3409 900 3487 iaciebat
949 3430 1030 3484 se
1095 3409 1370 3504 portari
1424 3430 1554 3503 per
1605 3408 2002 3503 quemdam
2056 3429 2355 3485 servum
2418 3431 2641 3483 suum
2696 3428 2934 3503 usque

583 3530 679 3605 ad
713 3530 1086 3622 ostiolum,
1126 3529 1252 3604 ubi
1287 3529 1575 3605 Cunitia
1609 3535 1866 3624 parata
1903 3528 2295 3625 recipiebat
2328 3550 2529 3604 eum.
2560 3529 2933 3603 Eccirinus

587 3656 843 3725 autem
895 3650 1037 3724 hoc
1086 3649 1290 3742 scito,
1327 3670 1476 3724 uuo
1527 3668 1694 3723 sero
1745 3649 2192 3724 subornatus
2242 3648 2383 3723 sub
2434 3650 2675 3745 specie
2708 3648 2925 3743 servi,

583 3769 1105 3864 transportavit
1172 3769 1610 3861 Sordellum,
1679 3768 1941 3843 deinde
2005 3768 2421 3863 reportavit.
2486 3768 2647 3856 Quo
2718 3770 2930 3865 facto,

587 3890 1078 3965 manifestavit
1109 3910 1190 3965 se
1223 3889 1576 3982 Sordello,
1625 3896 1702 3965 et
1749 3888 1962 3964 dixit:
2021 3888 2307 3963 sufficit.
2345 3889 2452 3963 De
2499 3896 2767 3964 caetero
2802 3889 2934 3963 ab·

539 4018 542 4021 ’
585 4010 856 4085 stineas
903 4009 1260 4087 accedere
1308 4010 1402 4083 ad
1452 4030 1638 4104 opus
1689 4015 1840 4084 tam
1891 4008 2269 4083 sordidum
2311 4029 2445 4104 per
2496 4010 2739 4083 locum
2778 4016 2931 4081 tam

583 4129 984 4205 sordidum.
1039 4130 1412 4205 Sordellus
1465 4129 1898 4203 terrefactus
1935 4128 2355 4224 suppliciter
2388 4118 2460 4220 (²)
2498 4127 2748 4222 petivit
2801 4148 2933 4201 ve-

587 4249 808 4344 niam,
861 4250 1294 4345 promittens
1345 4270 1754 4342 numquam
1804 4248 2119 4343 amplius
2165 4247 2409 4321 redire
2442 4247 2535 4322 ad
2570 4268 2927 4321 sororem.

589 4372 866 4448 Tamen
917 4370 1204 4446 Cunitia
1257 4369 1644 4445 maledicta
1697 4369 2002 4443 retraxit
2053 4388 2231 4445 eum
2283 4368 2359 4441 in
2406 4368 2731 4464 primum
2793 4367 2929 4443 fal-

587 4492 768 4567 lum.
819 4492 1070 4580 Quare
1117 4491 1272 4587 ipse
1331 4490 1596 4566 timens
1659 4488 2073 4563 Eccirinum
2104 4480 2178 4582 (³)
2252 4488 2925 4563 formidatissimum

587 4614 972 4691 bominum
1023 4612 1138 4687 sui
1187 4610 1556 4707 temporiS‚
1600 4610 1902 4685 recessit
1948 4610 2042 4683 ab
2102 4630 2218 4703 eo,
2257 4629 2485 4703 quem
2531 4609 2932 4704 Eccirinus‚

587 4742 672 4811 ut
719 4734 1018 4829 quidam
1071 4734 1341 4826 ferunt,
1395 4732 1561 4807 fecit
1611 4736 1862 4826 postea
1922 4730 2292 4805 trucidari.
2346 4731 2557 4805 Nunc
2618 4729 2713 4804 ad
2772 4730 2932 4805 lite-

588 4875 770 4931 ram.
821 4853 1006 4927 Dicit
1053 4851 1396 4948 Virgilius
1444 4849 1693 4925 Danti:
1729 4872 1850 4923 ma
1893 4853 2049 4925 vedi
2079 4841 2178 4943 ld,
2230 4850 2523 4943 scilicet,
2568 4870 2933 4942 seorsum,

711 5038 770 5103 (¹)
805 5046 914 5101 117,
945 5040 1263 5103 singularem
1295 5040 1608 5091 modernum
1637 5040 2050 5101 compatriotam.
2306 5036 2363 5101 (⁸)
2394 5040 2503 5097 11⁷,
2536 5035 2901 5100 sumlicanter.

715 5120 770 5183 (⁸)
799 5119 868 5171 E.
897 5119 1174 5171 Ecelinum
1204 5118 1632 5171 tumidissimum
1665 5118 1952 5169 bominum.

859 5213 952 5276 ιη’
2615 5228 2668 5271 12
