4392 6850
1386 893 1669 951 CANTUS
1716 895 2117 957 wensinus-
2773 884 2914 951 545

574 1036 725 1113 bris
774 1036 1339 1131 terraemotibus,
1391 1036 1565 1131 quia
1616 1058 2043 1134 cavernosa,
2076 1058 2248 1133 quae
2287 1038 2682 1133 aliquando
2719 1038 2918 1115 stetit

574 1164 919 1253 cooperta
970 1158 1183 1253 aquis
1234 1178 1501 1239 novem
1568 1159 1941 1236 mensibus
2003 1168 2339 1255 tempore
2403 1158 2656 1235 diluvii
2715 1158 2924 1253 quod¹

576 1278 711 1357 ruit
758 1278 835 1364 in
884 1278 1167 1363 Graecia
1212 1286 1569 1376 regnante
1601 1279 1881 1377 Ogygio
1920 1300 2133 1379 rege:
2168 1279 2244 1353 in
2285 1278 2432 1357 line
2465 1300 2648 1355 vero
2688 1300 2916 1379 appa-

576 1406 888 1487 ruerunt
939 1399 1037 1478 ibi
1089 1398 1271 1477 radii
1319 1400 1489 1475 solis
1536 1406 1612 1475 et
1662 1402 1895 1494 lunae3
1936 1400 2103 1475 ideo
2138 1400 2358 1477 datus
2395 1407 2508 1475 est
2545 1400 2754 1476 locus
2802 1401 2914 1477 fa·-

574 1520 767 1605 bulae
818 1520 1019 1615 quod
1066 1522 1343 1598 Latona
1376 1520 1653 1615 peperit
1687 1520 1783 1597 ibi
1817 1521 2047 1597 solem
2082 1527 2158 1597 ot
2197 1523 2474 1597 lunam.
2519 1521 2912 1597 Verumtnv

578 1660 749 1723 men
800 1639 1139 1735 quamvis
1186 1639 1325 1715 ista
1366 1639 1720 1734 expositio
1754 1661 2071 1717 consona
2110 1641 2469 1735 videatur,
2505 1641 2918 1719 Macrobius

576 1760 763 1844 libro
812 1761 1317 1837 Saturnalium
1366 1758 1707 1836 subtilius
1755 1759 2067 1835 rimatur
2118 1760 2506 1837 veritatem
2547 1762 2768 1835 huius
2806 1762 2928 1837 rei.

576 1879 1005 1976 profundius
1054 1882 1423 1961 latentem.
1468 1880 1653 1955 Dicit
1684 1879 1883 1957 enim
1926 1880 2127 1975 quod
2164 1882 2262 1957 ab
2302 1882 2588 1978 origine
2635 1882 2914 1975 mundi,

574 2023 749 2080 cum
802 2000 1049 2077 omnia
1088 2002 1453 2080 elementa
1488 2008 1732 2077 essent
1762 2000 1983 2077 simul
2020 2001 2249 2079 mixta
2284 2001 2546 2077 inuno
2579 2022 2914 2097 corpore,

570 2122 773 2217 quod
820 2121 1097 2216 antiqui
1148 2123 1702 2217 appellaverunt
1734 2121 1993 2216 Chaos,
2030 2143 2204 2198 cum
2240 2122 2580 2218 coepisset
2613 2122 2770 2197 lieri
2803 2121 2916 2197 di·-

575 2240 861 2317 stinctio
912 2241 1237 2319 formalis
1277 2243 1839 2334 elementorum,
1876 2248 2077 2318 terra
2117 2242 2360 2317 adbuc
2401 2242 2702 2317 humida
2735 2242 2950 2348 sub-p

576 2361 835 2443 stantia
890 2360 965 2440 in
1016 2362 1215 2445 molli
1266 2368 1342 2437 et
1387 2360 1699 2437 instabili
1750 2361 1923 2437 sede
1976 2360 2308 2454 natabat3
2360 2360 2490 2436 sed
2537 2369 2918 2437 crescente

578 2481 929 2577 paulatim
980 2484 1226 2559 calore
1274 2481 1551 2559 coelesti
1601 2482 1759 2557 haec
1808 2482 1959 2557 duo
2010 2480 2250 2557 sidera
2303 2488 2474 2557 nata
2537 2480 2912 2577 videntum

580 2608 655 2679 et
701 2602 810 2676 sol
860 2601 1157 2697 quidem
1210 2602 1535 2679 maxima
1582 2602 1655 2677 vi
1706 2602 1969 2677 caloris
2020 2600 2255 2677 tenuit
2303 2602 2550 2677 locum
2587 2603 2918 2697 superio-

584 2742 785 2816 rem3
834 2724 1011 2797 luna
1060 2742 1240 2799 vero
1289 2723 1494 2800 velut
1542 2721 1843 2799 humida
1876 2722 2179 2797 foemina
2223 2722 2460 2797 tenuit
2509 2723 2755 2797 locum
2805 2724 2920 2799 in-

584 2844 951 2924 feriorem.
1004 2844 1280 2920 Latona
1331 2842 1551 2936 enim,
1604 2849 1689 2917 ut
1738 2842 2009 2938 physici
2062 2843 2344 2937 volunt,
2387 2850 2498 2917 est
2547 2853 2742 2919 terra
2795 2845 2926 2924 cui

580 2962 711 3045 diu
752 2962 1075 3039 obviavit
1106 2962 1297 3037 Iuno
1322 2955 1397 3055 (¹)
1435 2982 1531 3037 ne
1564 2962 1843 3039 lumina
1876 2962 2011 3039 ista
2046 2962 2444 3057 orirentur,
2479 2962 2683 3058 idest,
2719 2964 2918 3057 quod

576 3102 709 3162 aer
758 3082 887 3176 qui
939 3090 1116 3158 tunc
1166 3088 1329 3161 erat
1376 3081 1724 3158 humidus
1790 3090 1865 3157 et
1923 3082 2260 3157 turbidus
2317 3082 2654 3157 obstabat
2703 3085 2916 3179 coelu,

578 3225 673 3279 ne
708 3186 1049 3299 splendor
1082 3203 1449 3279 luminum
1484 3210 1907 3298 appareret3
1948 3202 2077 3277 sed
2115 3202 2378 3279 divinae
2411 3204 2818 3299 prudentiae
2837 3196 2914 3297 (²)

576 3344 806 3421 opera
858 3325 1047 3418 vicit,
1100 3345 1269 3419 quae
1319 3322 1599 3399 adiuvit
1648 3330 1966 3419 partum,
2020 3330 2320 3418 propter
2369 3322 2566 3418 quod
2621 3323 2916 3421 lingun-

578 3451 703 3520 tur
754 3444 937 3540 parti
964 3435 1041 3536 (³)
1080 3444 1153 3518 in
1190 3444 1425 3521 insula
1468 3444 1706 3538 Delos,
1740 3442 1915 3538 quia
1964 3463 2061 3520 ex
2110 3443 2301 3519 mari
2333 3443 2540 3519 nobis
2577 3443 2916 3520 videntur

580 3564 781 3658 oriri,
848 3563 1021 3658 quia
1087 3570 1373 3658 partus,
1444 3562 1647 3656 idest,
1718 3569 1929 3638 ortus
1996 3562 2364 3636 luminum
2431 3562 2679 3638 omnia
2751 3562 2922 3638 facit

581 3695 833 3782 aperte
882 3685 1311 3762 clarescere.
1363 3684 1579 3758 Deme
1628 3681 1825 3760 enim
1877 3676 2405 3780 interpretatur
2445 3682 2758 3758 claritas,
2811 3683 2918 3766 Aa

582 3806 869 3887 literam
906 3824 1109 3900 ergo,
1134 3803 1306 3878 dicit
1338 3809 1591 3898 poeta:
1636 3808 1837 3878 Certo
1876 3806 2053 3876 Delo
2084 3823 2226 3876 non
2259 3806 2326 3878 si
2354 3809 2586 3876 soooea
2616 3795 2678 3876 si
2703 3807 2918 3896 sorte,

583 3925 787 4018 idest,
840 3943 987 4006 non
1040 3923 1476 4000 movebatur
1524 3923 1627 4000 ita
1675 3923 1851 3999 olim
1904 3923 2092 3998 sicut
2142 3944 2240 3996 nu
2251 3943 2341 3998 nc
2393 3943 2606 3998 mons
2645 3944 2921 4020 purga·-

581 4045 749 4121 torii
768 4099 788 4138 ,
832 4046 1003 4136 pria
1050 4045 1171 4116 01oe
1222 4047 1519 4133 Latona,
1567 4043 1877 4138 profuga
1928 4049 2007 4117 et
2052 4043 2382 4138 gravida,
2427 4047 2696 4136 facesse
2723 4045 2800 4118 in
2833 4045 2921 4118 loe‘

581 4168 635 4238 il
666 4167 873 4254 uide,
924 4162 1131 4256 idest,
1184 4161 1573 4257 hospitium
1625 4169 1701 4237 et
1748 4164 2044 4256 lectum,
2097 4185 2146 4236 a
2178 4167 2514 4255 parem-ir
2543 4167 2596 4238 li
2635 4167 2768 4238 due
2797 4185 2920 4238 oc.-

582 4289 691 4364 clti
736 4287 851 4360 del
894 4285 1091 4376 vieto,
1130 4281 1421 4377 scilicet,
1458 4283 1689 4361 solem
1728 4290 1803 4358 et
1838 4284 2111 4360 lunam.
2168 4284 2257 4358 Et
2307 4283 2423 4360 bic
2474 4290 2644 4359 nota
2681 4305 2920 4378 quan-r

584 4415 747 4487 tum
796 4403 1247 4499 comparatio
1280 4390 1353 4495 (⁴)
1392 4409 1505 4478 est
1538 4403 2061 4499 propriissima3
2096 4404 2286 4480 sicut
2319 4403 2516 4480 enim
2557 4405 2771 4481 Delos
2805 4403 2922 4478 in-

582 4527 744 4610 sula
792 4523 1189 4626 clarissima
1248 4523 1489 4598 emisit
1553 4523 1647 4600 ibi
1680 4514 1753 4616 (⁵)
1816 4523 1966 4599 duo
2026 4523 2426 4601 clarissima
2491 4523 2772 4600 lumina
2827 4523 2922 4600 ad

583 4648 898 4739 coeltlm3
950 4646 1047 4720 ita
1103 4665 1299 4718 nunc
1350 4665 1559 4721 mons
1598 4643 2003 4739 purgatorii
2044 4643 2492 4721 clarissimus
2543 4643 2922 4720 emittebat

707 4879 763 4940 (¹)
798 4877 854 4927 E.
887 4877 1043 4936 luno,
1076 4877 1205 4928 idest
1237 4889 1345 4936 ner,
1378 4889 1445 4925 nn
1470 4875 1683 4926 lumina.
1936 4871 1989 4934 (¹)
2022 4873 2083 4923 E.
2116 4873 2472 4936 providentia.

711 4953 762 5014 (⁸)
799 4957 905 5013 11⁷,
940 4955 1045 5003 uati
1078 4954 1129 5004 in
1160 4951 1343 5003 imula.
1937 4950 1991 5011 (⁴)
2025 4949 2085 4999 B.
2120 4949 2234 4999 linc
2265 4948 2602 5012 comparatio.

715 5032 767 5088 ζ’)
804 5035 911 5089 117,
944 5030 1089 5080 olim.

854 5135 937 5179 m.
1708 5151 1725 5172 ι
2605 5131 2660 5173 35
