4392 6850
1503 962 1644 1030 392
2218 971 2628 1028 ‹20me
2670 973 3121 1032 aunem-’eun

1499 1119 1592 1196 de
1641 1119 2011 1211 Ravenna,
2065 1137 2263 1192 nunc
2310 1116 2640 1194 nominat
2690 1117 2919 1214 ipsam
2958 1118 3295 1214 stirpem‚.
3316 1139 3487 1214 quae
3518 1119 3655 1194 fnit
3688 1125 3837 1197 tou

1498 1239 1696 1314 clara
1747 1243 1822 1312 et
1866 1236 2088 1312 aliam
2142 1236 2489 1312 camiliani
2544 1237 2899 1312 famosam
2952 1238 3163 1314 valde
3208 1239 3304 1314 de
3350 1240 3542 1317 dicta
3590 1247 3835 1334 terra,-

1499 1359 1694 1434 unde
1741 1359 1946 1434 dicit:
1997 1361 2074 1432 la
2121 1379 2296 1432 casa
2355 1364 2819 1432 Traversara.
2860 1359 2964 1434 De
3010 1358 3146 1436 ista
3194 1359 3419 1436 domo
3466 1361 3603 1438 ruit
3647 1361 3837 1439 alios

1499 1478 1706 1554 miles
1756 1499 2070 1574 magnus
2119 1479 2453 1573 princeps
2504 1479 2576 1552 in
2628 1479 2999 1573 Ravenna,
3035 1478 3307 1556 scilicet
3346 1480 3619 1557 Paulus
3652 1483 3833 1556 Tra-

1497 1599 1890 1693 versarius,
1931 1599 2057 1692 qui
2107 1599 2326 1674 simul
2378 1619 2549 1674 cum
2604 1598 2883 1674 viribus
2918 1605 3354 1674 venetorum
3390 1601 3671 1695 expulit
3704 1600 3835 1676 Sa-

1497 1719 1951 1816 linguerram
2001 1719 2400 1814 principem
2454 1719 2548 1794 de
2609 1719 2971 1814 Ferraria,
3024 1741 3061 1794 e
3114 1723 3221 1810 oli
3274 1725 3673 1812 Ana-stam.-
3722 1720 3831 1796 isti

1496 1840 1798 1916 fuerunt
1849 1840 2091 1936 magni
2148 1839 2424 1916 nobiles
2474 1846 2547 1914 et
2598 1845 2951 1935 potenteS,
3002 1860 3048 1914 a
3098 1839 3369 1934 quibus
3422 1863 3567 1918 um
3622 1849 3830 1936 porta

1497 1962 1571 2036 in
1621 1962 1968 2038 Ravenna
2027 1981 2267 2054 usque
2320 1961 2533 2038 bodie
2581 1960 3099 2037 denominatur
3158 1967 3370 2056 porta
3430 1963 3829 2040 Anastasia.

1497 2081 1603 2156 De
1651 2081 1787 2155 ista
1835 2081 2056 2154 domo
2108 2080 2242 2154 fuit
2290 2080 2550 2157 nobilis
2600 2081 2809 2156 miles
2856 2081 3199 2156 dominus
3238 2081 3476 2156 Guido
3514 2083 3610 2158 de
3640 2083 3832 2158 Am-

1495 2201 1750 2294 stasiis,
1803 2201 1927 2294 qui
1982 2206 2321 2275 mortuus
2372 2207 2484 2276 est
2533 2221 2665 2296 per
2714 2200 3237 2294 impatientiam
3270 2202 3550 2278 amoris
3584 2203 3829 2276 cuins-

1492 2321 1660 2398 dam
1715 2319 2238 2396 honestissimas
2288 2320 2625 2414 dominae,
2676 2341 2901 2414 quam
2958 2341 3369 2414 numquam
3422 2321 3659 2415 potuit
3702 2322 3828 2398 fle—

1491 2449 1694 2520 ctere
1739 2441 1835 2516 ad
1885 2441 2046 2516 eius
2093 2461 2452 2516 amorem.
2507 2441 2838 2516 Fuerunt
2872 2447 2947 2514 et
2978 2441 3141 2516 aliae
3182 2441 3474 2516 familiae
3504 2441 3727 2518 clarae
3760 2443 3825 2518 in

1492 2565 1863 2655 Ravenna,
1913 2561 2098 2636 sicut
2149 2560 2420 2636 familia
2470 2562 2987 2656 Honestorum,
3038 2562 3132 2637 de
3180 2583 3329 2656 qua
3388 2562 3523 2636 fuit
3572 2562 3828 2638 nobilis

1491 2683 1912 2758 adolescens
1960 2681 2379 2756 Anastasius
2428 2681 2522 2756 de
2570 2681 2928 2774 HonestiS,
2966 2683 3092 2776 qui
3140 2689 3523 2756 amon-atus
3562 2683 3655 2756 de
3688 2683 3827 2758 uun

1497 2802 1942 2900 pulcerrima
2004 2800 2209 2876 Pauli
2262 2801 2735 2895 Traversarii,
2787 2803 3082 2878 tandem
3153 2803 3347 2878 illam
3426 2803 3681 2878 babuit
3758 2803 3827 2879 in

1495 2943 1834 3018 uxorem,
1883 2921 2072 2996 sicut
2133 2923 2439 2998 honeste
2498 2922 2747 2998 scribit
2806 2923 3263 3017 BoccacciuS,
3318 2924 3655 2998 curiosus
3718 2923 3827 2998 in—

1493 3043 1799 3139 quisitor
1849 3043 2181 3118 omnium
2234 3042 2767 3119 delectabilium
2820 3043 3313 3118 historiarum.
3354 3045 3443 3118 Et
3477 3043 3594 3118 hic
3634 3051 3825 3136 nota,

1491 3165 1744 3256 lector,
1795 3163 1992 3257 quod
2045 3169 2257 3256 poeta
2312 3169 2557 3238 noster
2606 3162 2775 3238 facit
2822 3162 2939 3238 bic
2990 3163 3211 3238 istum
3246 3163 3659 3240 Guidonem
3694 3185 3827 3239 no·-

1493 3285 1779 3361 minare
1825 3284 2110 3377 aliquos
2168 3283 2369 3358 viros
2430 3285 2669 3359 claros
2732 3285 3123 3360 saeculares
3186 3285 3601 3378 modernos,
3656 3286 3825 3379 quin

1491 3406 1594 3483 sic
1643 3404 2120 3481 conveniebat
2171 3403 2331 3480 viro
2384 3404 2697 3481 militari.
2750 3404 2891 3481 Sed
2940 3404 3121 3480 alios
3171 3405 3368 3480 viros
3398 3404 3830 3481 illustriores

1489 3526 1938 3620 antiquiores
1973 3526 2243 3622 genuit
2292 3526 2449 3599 haec
2501 3524 2755 3620 patria,
2792 3524 2980 3601 sicut
3021 3525 3323 3601 Petrum
3358 3526 3825 3619 Damianum,

1491 3648 1584 3723 de
1635 3667 1784 3743 quo
1833 3653 2048 3741 poeta
2097 3645 2347 3723 scribit
2397 3646 2713 3741 capitulo
2763 3645 2925 3721 XXI
2978 3645 3319 3739 Paradisi,
3362 3652 3436 3721 et
3476 3647 3831 3723 Romual·

1490 3768 1670 3845 dum
1753 3766 1847 3843 de
1921 3767 2273 3860 Honesti&
2340 3766 2434 3841 de
2506 3787 2659 3860 quo
2728 3766 2981 3841 scribit
3048 3766 3367 3861 capitulo
3427 3768 3622 3843 xxu
3692 3770 3829 3843 Pa-

1493 3888 1733 3969 radisi.
1797 3888 1981 3961 Nota
2045 3888 2301 3981 etiam,
2370 3886 2567 3980 quod
2633 3888 2985 3963 Ravenna
3048 3892 3163 3961 est
3228 3892 3381 3963 tota
3448 3889 3824 3983 sphaerica,

1491 4010 1766 4085 babens
1835 4027 2090 4081 muros
2153 4006 2717 4099 antiquissimos»,
2790 4005 3277 4101 amplissimos
3338 4008 3573 4102 magis
3640 4008 3826 4083 infra

1493 4136 1768 4205 terram
1803 4148 2030 4223 quam
2065 4147 2313 4221 supra,
2340 4125 2627 4221 signum
2660 4146 2949 4221 magnoe
2974 4125 3392 4219 vetustatis3
3420 4127 3545 4201 ubi
3580 4147 3822 4221 quon-

1487 4249 1658 4325 dam
1713 4248 1954 4323 Caesar
2003 4246 2338 4323 facturus
2386 4246 2597 4322 civile
2646 4246 2947 4337 bellum,
2999 4266 3287 4321 moram
3340 4246 3584 4339 traxit,
3636 4252 3827 4321 tam-

1487 4388 1716 4462 quam
1769 4366 1844 4443 in
1893 4366 2209 4441 confinio
2256 4364 2649 4459 provinciae
2712 4385 2891 4459 suae,
2956 4371 3037 4439 ut
3104 4364 3351 4439 scribit
3400 4364 3823 4460 Svetonius3

1489 4509 1716 4582 qnam
1767 4488 1918 4562 duo
1969 4486 2270 4561 flumina
2320 4485 2885 4581 amplectuntur,
2924 4505 3091 4579 quae
3132 4484 3227 4561 ibi
3279 4486 3827 4582 coniunguntur

1489 4610 1564 4685 in
1616 4618 1892 4703 unu'm3
1945 4608 2200 4683 habuit
2248 4612 2547 4702 portum
2596 4606 3181 4701 capacissimum,
3233 4606 3357 4699 qui
3422 4605 3644 4681 modo
3708 4626 3828 4683 re-

1487 4732 1724 4825 pletus
1771 4736 1902 4805 est.
1955 4730 2305 4803 Ravenna
2358 4726 2802 4822 templorum
2858 4726 3325 4801 multitudine
3360 4732 3437 4801 et
3470 4726 3827 4820 pulcritu-

1484 4850 1654 4924 dine
1705 4857 1816 4923 est
1862 4850 2231 4943 decorata,
2271 4848 2410 4923 fide
2460 4847 2815 4922 catholica
2852 4846 3233 4943 insignita3
3284 4866 3453 4921 nam
3490 4847 3587 4921 ab
3620 4847 3825 4922 initio

1487 4970 1675 5065 fidei,
1725 4970 1990 5047 Petrus
2043 4970 2235 5043 misit
2268 4968 2757 5063 Apollinarem
2794 4966 3231 5063 discipulum
3268 4968 3696 5043 Ravennam
3732 4968 3821 5042 ad

1487 5089 1988 5166 seminandam
2044 5088 2311 5182 fidem3
2364 5108 2455 5163 ex
2512 5107 2663 5181 quo
2713 5093 3049 5182 tempore
3100 5086 3235 5161 fuit
3268 5094 3521 5182 postea
3566 5093 3822 5181 poten-
