4392 6850
1473 977 1625 1043 2⁰2
2200 983 2609 1040 commun
2658 983 3100 1040 Punssssonu

1471 1137 1756 1210 causa?
1805 1135 1914 1206 chi
1961 1134 2223 1205 volesse
2261 1132 2441 1204 salir-
2485 1133 2561 1205 di
2602 1136 2813 1221 nocte,
2848 1129 3053 1223 idest,
3090 1127 3487 1204 ascendere
3520 1147 3815 1202 sursum

1471 1275 1604 1351 per
1639 1251 2178 1351 purgatorium,
2208 1255 2381 1345 fora
2421 1254 2559 1343 θρῖα·
2586 1252 2938 1344 impedita,
2972 1249 3244 1324 scilicet
3276 1249 3373 1324 ab
3406 1248 3659 1345 aliquo
3694 1248 3815 1343 qui

1471 1375 1738 1450 habeat
1789 1372 2193 1448 custodiam
2250 1371 2412 1465 loci,
2474 1391 2520 1443 ο
2586 1363 2777 1444 seria
2816 1391 2962 1463 pur
3010 1364 3271 1462 perche*
3312 1389 3459 1442 non
3496 1375 3819 1468 potesse?

1471 1493 1678 1586 idest,
1711 1514 1808 1568 an
1858 1494 1997 1566 hoc
2047 1492 2289 1566 solum
2341 1491 2761 1586 proveniret
2794 1490 2889 1564 ab
2924 1489 3350 1585 impotentia
3383 1510 3520 1564 sua
3542 1493 3575 1561 ‘l
3610 1489 3814 1583 quasi

1473 1613 1708 1688 dicat:
1762 1633 1857 1689 an
1919 1632 2145 1688 causa
2212 1611 2417 1686 istius
2478 1609 2977 1707 prohibitionis
3040 1617 3231 1685 esset
3293 1630 3339 1685 a
3400 1631 3483 1686 se
3544 1609 3663 1684 vel
3722 1611 3815 1686 ab

1473 1733 1636 1808 alio.
1668 1734 1755 1807 Et
1780 1733 1982 1829 ponit
2015 1732 2563 1828 responsionem
2592 1730 2897 1806 Sordelli
2932 1729 3024 1806 ad
3059 1731 3538 1825 quaestionem
3578 1752 3812 1826 suam,

1475 1851 1766 1928 dicens:
1822 1875 1860 1926 e
1881 1856 1934 1927 'l
1979 1854 2162 1926 buon
2212 1854 2534 1927 Sordello
2580 1855 2654 1924 in
2708 1858 2905 1925 ter-ra
2930 1842 3139 1946 [νερὸ
3178 1853 3235 1924 il
3279 1853 3449 1942 dito,
3486 1851 3811 1928 faciendo

1476 1995 1702 2050 unam
1755 1975 2049 2069 lineam,
2099 1976 2390 2048 dicendo
2408 1999 2431 2046 .·
2482 1975 2661 2065 vedi,
2718 1975 2875 2046 sola
2932 1979 3169 2064 questa
3232 1975 3400 2064 riya
3444 1993 3591 2046 non
3640 1993 3809 2046 var-

1471 2097 1782 2186 cheresti,
1835 2094 2038 2186 idest,
2093 2094 2405 2169 transire
2453 2113 2724 2189 posses,
2758 2095 2925 2185 dipo
2957 2093 3013 2166 il
3039 2095 3153 2166 sol
3173 2096 3459 2185 partito.
3497 2093 3641 2167 Per
3677 2094 3813 2168 hoc

1473 2216 1599 2291 dat
1649 2215 1970 2312 intelligi,
2006 2215 2206 2308 quod
2249 2216 2473 2289 homo
2525 2235 2671 2288 non
2722 2217 2959 2307 potest
3006 2210 3117 2288 ire
3166 2212 3258 2286 ad
3311 2212 3807 2308 poenitentiam

1477 2343 1552 2411 et
1602 2337 1974 2430 virtutem,
2030 2333 2164 2408 nisi
2216 2335 2325 2409 sol
2374 2333 2635 2408 divinae
2684 2332 2941 2430 gratiae
2992 2333 3233 2408 luceat
3276 2353 3499 2426 super
3551 2333 3805 2428 ipsum.

1477 2458 1566 2533 Et
1613 2457 1932 2554 assignat
1981 2455 2531 2549 causam,·quia
2593 2456 2819 2528 homo
2879 2459 3115 2548 potest
3174 2454 3451 2528 babere
3496 2453 3806 2550 gratiam

1479 2576 1773 2673 quando
1824 2577 2029 2669 vult3
2095 2573 2297 2649 unde
2355 2574 2571 2649 dicit:
2624 2596 2769 2647 non
2812 2565 2988 2667 perd
3036 2575 3361 2648 ck'altra
3408 2594 3575 2648 cosa
3622 2576 3811 2647 desse

1479 2698 1690 2790 briya
1753 2700 1852 2770 ad
1907 2700 1977 2770 ir
2024 2716 2216 2788 sum,
2268 2697 2389 2770 che
2436 2698 2512 2769 la
2559 2703 2891 2768 notturna
2942 2695 3249 2786 tenebra,
3319 2695 3527 2788 quasi
3580 2694 3807 2769 dicat:

1479 2818 1634 2892 sola
1685 2817 1990 2894 tenebra
2041 2816 2317 2912 peccati
2366 2822 2477 2891 est
2524 2816 2645 2890 illa
2696 2837 2865 2910 quae
2914 2816 3262 2890 obscurat
3294 2815 3489 2890 viam
3536 2835 3810 2910 purga-

1477 2937 1642 3012 torii
1709 2936 2033 3030 homini3
2111 2936 2273 3011 ideo
2333 2936 2546 3010 dicit:
2630 2939 2882 3028 quella,
2948 2935 3241 3029 scilicet,
3306 2935 3613 3010 tenebra
3679 2955 3809 3008 no-

1479 3064 1766 3151 cturna,
1817 3060 2083 3150 incriya
2157 3060 2231 3131 la
2282 3060 2541 3149 voylia,
2592 3056 2799 3150 idest,
2850 3055 3149 3153 impedit
3196 3061 3273 3130 et
3321 3055 3642 3151 implicat
3688 3077 3809 3130 vo-

1477 3179 1859 3271 luntatem,
1913 3177 2084 3271 quia
2115 3169 2188 3268 (¹)
2246 3197 2392 3251 non
2440 3177 2793 3271 permittit
2845 3175 3213 3250 bominem
3268 3175 3485 3269 velle,
3524 3179 3639 3249 col
3672 3197 3809 3248 non

1477 3305 1742 3391 potere,
1784 3298 1955 3391 quia
2002 3317 2146 3371 non
2189 3304 2448 3391 potest,
2484 3296 2678 3391 quod
2732 3315 2878 3370 non
2927 3296 3125 3390 vult3
3162 3300 3237 3369 et
3281 3295 3385 3369 sic
3416 3294 3583 3370 vide
3618 3295 3808 3390 quod

1482 3418 1706 3491 homo
1757 3424 1866 3491 est
1916 3415 2047 3490 sibi
2089 3436 2336 3508 causa,
2373 3415 2545 3511 quia
2572 3405 2645 3507 (²)
2686 3436 2833 3489 non
2872 3414 3027 3490 vult
3078 3419 3151 3491 et
3202 3436 3349 3489 non
3388 3419 3627 3509 potest
3660 3421 3811 3490 ten-

1477 3538 1656 3613 dere
1707 3538 1798 3611 ad
1849 3536 2223 3630 virtutem,
2276 3536 2449 3630 quia
2500 3556 2590 3609 ex
2644 3536 2877 3610 libero
2925 3534 3228 3609 arbitrio
3290 3534 3457 3609 facit
3520 3534 3655 3609 sibi
3708 3542 3811 3609 te-

1475 3658 1781 3733 nebram
1834 3657 2135 3753 peccati,
2171 3678 2340 3752 quae
2382 3656 2620 3751 privat
2670 3656 2905 3751 ipsum
2962 3654 3243 3729 lumine
3290 3654 3481 3729 solis.
3522 3656 3609 3727 Et
3640 3656 3815 3729 Sor-

1476 3779 1708 3853 dellus
1759 3776 1955 3851 addit
2005 3778 2258 3871 pulcre
2308 3776 2507 3870 quod
2557 3777 2779 3849 homo
2839 3775 3027 3850 bene
3082 3781 3325 3869 posset
3374 3774 3813 3851 descendere

1477 3904 1608 3975 aut
1667 3896 2243 3993 circumvagari3
2307 3896 2501 3971 unde
2566 3895 2781 3969 dicit:
2844 3896 2975 3967 ben
3030 3898 3093 3969 si
3145 3898 3359 3988 porta
3422 3902 3681 3969 cernar
3740 3900 3813 3969 in

1476 4022 1677 4111 muso
1727 4040 1858 4091 con
1909 4022 2019 4109 lei,
2073 4017 2365 4111 scilicet,
2408 4036 2577 4091 cum
2640 4016 2758 4089 illa
2804 4015 3107 4090 tenebra
3144 4022 3526 4111 nocturna,
3564 4038 3603 4089 e
3644 4038 3813 4109 pas-

1477 4142 1762 4233 seyyiar
1828 4142 1901 4212 la
1966 4145 2184 4228 costa,
2249 4137 2453 4231 idest,
2517 4136 2773 4231 ripam,
2836 4139 3121 4210 intorno
3184 4139 3529 4227 errandO,
3606 4137 3812 4231 quasi

1476 4260 1706 4335 dicat:
1744 4260 1931 4333 bene
1983 4265 2218 4353 potest
2252 4258 2481 4332 relabi
2532 4256 2605 4331 in
2650 4256 2820 4331 vitia
2856 4266 2931 4332 et
2964 4256 3217 4353 vagari
3269 4278 3401 4351 per
3436 4258 3584 4351 illa,
3618 4280 3815 4332 men-

1476 4388 1581 4454 tre
1629 4383 1750 4453 che
1797 4383 1843 4453 ι’
1867 4382 2233 4453 orizzonee
2282 4381 2417 4451 tien
2466 4380 2699 4452 chiuso
2749 4380 2805 4449 il
2848 4380 3014 4471 deb,-
3058 4378 3267 4471 quasi
3318 4377 3531 4473 dicat,
3582 4378 3812 4453 donec

1474 4499 1694 4574 duret
1744 4520 1913 4592 nox,
1951 4505 2351 4591 antequam
2402 4498 2509 4571 sol
2562 4497 2806 4573 veniat
2854 4496 2949 4571 ad
2997 4499 3424 4593 orizontem,
3478 4504 3553 4573 et
3602 4498 3814 4573 faciat

1477 4622 1742 4695 lucem.
1796 4620 1936 4694 Per
1986 4620 2126 4695 hoc
2175 4618 2301 4693 dat
2349 4616 2671 4715 intelligi,
2710 4617 2908 4712 quod
2954 4619 3177 4692 bomo
3228 4619 3503 4713 positus
3536 4619 3611 4692 in
3649 4640 3813 4713 pec-

1476 4747 1640 4814 cato
1687 4738 1975 4813 mortali
2019 4739 2207 4813 bene
2241 4744 2477 4833 potest
2510 4738 2752 4812 adhuc
2790 4737 3254 4831 descendere,
3292 4738 3474 4813 idest
3509 4760 3813 4835 peceare

1475 4868 1606 4935 aut
1656 4859 1968 4934 circuire
2018 4857 2358 4951 errando,
2402 4858 2609 4950 idest,
2680 4877 2817 4931 nec
2865 4858 3029 4952 plus
3078 4858 3349 4933 addere
3398 4858 3808 4935 virtutibus

1605 5108 1659 5171 (¹)
1696 5113 1803 5169 117,
1837 5110 1956 5173 quia
1989 5112 2243 5173 permittit
2274 5110 2539 5163 hominem
2570 5110 2725 5162 nolle.
2974 5108 3030 5173 (²)
3062 5110 3124 5161 E.
3156 5124 3318 5175 quare
3349 5122 3471 5159 non.
