4392 6850
1477 957 1618 1022 200
2195 966 2602 1021 commu
2650 964 3095 1021 Punossoml
3189 1046 3207 1058 ·

1476 1120 1627 1189 tota
1681 1133 1919 1188 massa
1969 1112 2409 1208 posteritatis
2458 1111 2593 1187 fuit
2643 1111 2937 1206 infecta3
2975 1110 3149 1207 quia
3198 1111 3435 1207 prima
3468 1131 3643 1186 caro
3678 1109 3813 1184 fuit

1477 1232 1764 1307 rebellis
1814 1232 1990 1326 Deo,
2040 1230 2207 1306 ideo
2258 1251 2405 1306 non
2462 1238 2573 1307 est
2634 1230 2889 1308 habilis
2946 1231 3038 1304 ad
3100 1230 3591 1326 recipiendam
3642 1250 3813 1326 gra-

1475 1352 1650 1426 tiam
1719 1351 2088 1427 viatorum
2157 1356 2232 1425 et
2294 1352 2703 1447 justorum,
2774 1350 2911 1426 nisi
2986 1351 3226 1446 primo
3302 1348 3811 1426 reconcilietur

1403 1553 1408 1556 ,
1474 1472 1628 1546 1)θο
1657 1464 1755 1566 (¹),
1807 1471 2057 1546 abluta
2106 1470 2323 1546 sorde
2371 1491 2506 1567 per
2554 1471 3023 1566 baptismum,
3074 1471 3263 1546 sicut
3313 1470 3486 1544 olim
3554 1489 3813 1544 recon-

1477 1589 1860 1665 ciliabatur
1893 1611 2027 1685 per
2059 1588 2277 1665 fidem
2320 1596 2711 1686 parentum
2754 1596 2828 1666 et
2861 1611 2992 1686 per
3032 1590 3689 1666 circumcisionem.
3724 1589 3811 1662 Et

1477 1710 1706 1806 tangit
1755 1708 1952 1784 aliud
2001 1729 2239 1806 genus
2303 1709 2712 1804 hominum,
2774 1709 3067 1786 dicens:
3134 1713 3323 1806 quivi
3380 1717 3487 1785 sco
3548 1713 3620 1783 io
3682 1729 3811 1782 con

1475 1834 1655 1924 quei,
1723 1831 1993 1906 scilicet
2059 1830 2497 1926 philosophis
2547 1839 2622 1907 et
2681 1831 2911 1926 poetis
2980 1831 3299 1928 paganiS,
3363 1834 3481 1904 che
3546 1851 3689 1904 non
3750 1833 3815 1903 si

1477 1955 1730 2026 vesciro
1781 1955 1843 2024 le
1892 1959 1997 2025 cre
2042 1959 2241 2025 sante
2272 1947 2493 2043 verta),
2528 1950 2817 2046 scilicet,
2846 1951 3091 2047 fidem,
3126 1972 3355 2048 spem,
3392 1951 3808 2044 caritatem3

1476 2093 1645 2168 quae
1695 2071 2003 2146 virtutes
2051 2072 2315 2148 divinae
2378 2080 2551 2146 sunt
2612 2071 3178 2146 christianorum
3244 2077 3554 2165 tantum,
3604 2092 3643 2144 e
3693 2090 3812 2143 co-

1473 2194 1734 2267 nobber
1782 2196 1827 2266 1’
1853 2195 2056 2284 altre,
2123 2191 2417 2286 scilicet,
2480 2198 2805 2285 quatuor
2872 2192 3212 2287 moraleS,
3280 2191 3573 2284 scilicet,
3633 2210 3809 2286 pru-

1474 2313 1819 2407 dentiam,
1876 2311 2260 2408 justitiam,
2330 2311 2852 2406 fortitudinem,
2922 2312 3531 2407 temperantiam3
3600 2331 3810 2384 senza

1475 2435 1683 2524 vizio,
1736 2439 2098 2525 quantum
2151 2437 2263 2506 est
2296 2430 2635 2525 possibile
2672 2429 2947 2505 homini
2987 2430 3222 2526 posito
3255 2437 3467 2506 extra
3498 2429 3808 2526 gratiam

1474 2551 1664 2647 fidei,
1723 2573 1760 2624 e
1818 2554 2056 2641 sequir
2119 2556 2278 2624 tutte
2336 2557 2635 2643 quante,·
2664 2549 2855 2624 sicut
2908 2551 3065 2646 jam
3126 2550 3299 2626 satis
3361 2549 3637 2625 dictum
3702 2557 3811 2624 est

1384 2665 1393 2673 ’
1479 2671 1718 2766 primo
1769 2671 2088 2766 capitulo
2139 2671 2361 2745 huius
2408 2670 2593 2744 libri.

1621 2797 1748 2866 Ma
1793 2813 1870 2868 se
1915 2799 1986 2866 tu
2032 2794 2147 2866 sai
2193 2813 2239 2864 o
2282 2795 2472 2884 puoi.
2508 2791 2650 2866 Ista
2682 2797 2795 2866 est
2834 2790 3155 2866 secunda
3206 2813 3377 2886 pars
3426 2791 3807 2889 generaIiS,

1478 2911 1552 2987 in
1603 2933 1751 3007 qua
1799 2918 2016 3006 poeta
2065 2910 2405 2986 describit
2456 2931 2724 3008 magna
2772 2918 2935 2986 arte
2975 2911 3219 2986 locum
3262 2911 3593 2987 virorum
3647 2913 3809 2986 illu-

1481 3031 1744 3106 strium
1797 3031 2388 3126 christianorum,
2426 3031 2555 3125 qui
2589 3030 2911 3126 impediti
2946 3031 3141 3106 circa
3176 3052 3433 3107 curam
3470 3031 3805 3126 aliorum,

1478 3174 1626 3227 non
1677 3151 2039 3227 recordati
2089 3158 2260 3226 sunt
2310 3171 2466 3226 suae
2514 3152 2767 3226 salutis
2819 3152 2951 3226 nisi
3002 3152 3078 3226 in
3128 3159 3403 3246 morte3
3440 3153 3569 3228 sed
3605 3141 3809 3228 ante-

1479 3295 1703 3369 quam
1765 3273 2010 3349 veniat
2081 3271 2174 3346 ad
2239 3272 2451 3347 istam
2515 3273 3073 3367 descriptionem
3138 3273 3479 3370 Virgilius
3530 3273 3707 3368 petit
3766 3293 3807 3347 a

1477 3392 1804 3469 Sordello
1854 3392 1948 3469 de
1997 3393 2114 3468 via
2178 3391 2499 3468 breviori
2558 3393 2961 3491 purgatorii
3019 3393 3113 3469 ad
3174 3393 3372 3489 quod
3428 3393 3810 3491 appropin-

1475 3514 1822 3608 quabant.
1876 3513 2060 3587 Dicit
2109 3533 2330 3609 ergo:
2366 3512 2541 3587 satis
2580 3513 2727 3588 dixi
2760 3513 2887 3587 tibi
2924 3513 3087 3607 quis
3120 3514 3283 3607 sim,
3333 3520 3408 3589 et
3459 3513 3655 3589 unde
3688 3533 3810 3589 ve-

1480 3633 1742 3728 nerim,
1793 3639 1868 3708 et
1918 3633 2328 3728 quomodo:
2366 3655 2484 3707 ma
2519 3656 2595 3706 se
2642 3641 2713 3707 tu
2754 3638 2943 3707 saio
2983 3636 3177 3726 ραοί,
3224 3635 3363 3708 hoc
3411 3633 3605 3728 dicit,
3642 3634 3808 3728 quia

1480 3752 1847 3829 nesciebat
1897 3753 1956 3827 si
2003 3752 2140 3830 iste
2189 3773 2415 3847 quem
2468 3752 2850 3829 invenerat
2891 3752 3387 3848 quiescentem
3442 3759 3517 3829 et
3568 3754 3809 3828 solita-

1481 3872 1699 3967 rium,
1735 3878 1896 3947 erat
1935 3872 2188 3946 solitus
2238 3872 2633 3948 ascendere
2674 3874 3047 3967 superius3
3084 3876 3204 3947 da'
3231 3876 3353 3947 noi
3398 3876 3651 3947 alcimo
3698 3877 3808 3947 in-

1479 3996 1694 4084 diziO,
1768 3992 1830 4065 si
1896 4012 2043 4066 non
2095 4000 2299 4087 potes
2348 3994 2467 4068 vel
2518 4014 2664 4070 non
2714 3992 2823 4067 vis
2874 3993 3127 4069 venire
3200 3994 3606 4089 nobiscum,
3644 4016 3810 4088 per-

1478 4114 1602 4189 che*
1647 4116 1844 4188 venir
1881 4118 2198 4207 possiam
2240 4110 2367 4207 piei
2415 4122 2616 4207 tosto,
2670 4115 2843 4210 quia
2894 4116 3205 4211 expendi
3254 4118 3419 4213 plus
3467 4096 3809 4211 temporis

1479 4243 1726 4311 tecum
1760 4254 1986 4327 quam
2022 4234 2399 4329 putabam,
2436 4224 2509 4307 ἰὰ
2547 4237 2725 4308 dove
2769 4238 2826 4308 il
2846 4238 3271 4328 puryatorio
3302 4238 3399 4309 Ιια
3430 4238 3642 4310 dritco
3680 4238 3813 4309 ini·

1477 4359 1621 4446 zi0,
1671 4354 1876 4447 idest,
1927 4360 2238 4448 portam.
2306 4354 2395 4427 Et
2456 4353 2699 4428 statim
2758 4354 2960 4449 ponit
3018 4354 3563 4450 responsionem
3628 4354 3814 4427 illius

1478 4476 1767 4549 dicens:
1819 4477 2116 4567 rispose,
2166 4474 2289 4549 ille
2338 4474 2747 4575 Sordelius:
2809 4478 2961 4549 loco
3009 4482 3197 4549 cerco
3267 4495 3411 4548 non
3476 4477 3568 4547 m’
3593 4471 3635 4549 θ’
3682 4494 3815 4568 po-

1477 4603 1584 4669 sto
1595 4620 1627 4688 ,·
1667 4594 1882 4689 juxta
1935 4596 2108 4669 iliud
2145 4594 2465 4692 Virgilii:
2526 4597 2713 4668 Nulli
2760 4602 2953 4669 certa
3002 4598 3275 4687 domus,
3328 4600 3496 4671 Ιασὶε
3543 4598 3817 4671 habita-

1478 4738 1632 4790 mus
1679 4719 1941 4809 opacis,
1967 4720 2213 4791 -licito
2246 4718 2337 4789 m’
2362 4712 2404 4791 e*
2434 4718 2674 4789 andar
2704 4737 2868 4791 suso
2900 4720 2991 4791 ed
3018 4719 3321 4791 intorno,
3358 4716 3448 4789 Et
3488 4716 3605 4791 hic
3648 4724 3814 4793 nota

1479 4836 1677 4931 quod
1727 4835 1863 4911 ista
1914 4836 2287 4933 responsio
2337 4836 2641 4911 Sordelli
2681 4836 2974 4911 videtur
3016 4843 3439 4932 competere
3478 4838 3812 4912 omnihus

1605 5086 1660 5149 (¹)
1690 5084 1753 5135 Β·
1788 5082 1900 5137 ΒΘΟ
1930 5098 2023 5148 per
2054 5086 2381 5151 bnptismum.
