4392 6850
1495 961 1640 1030 438
2212 970 2619 1026 counnwu
2666 969 3111 1026 Puncuonu

1495 1120 1700 1194 cules
1747 1117 1938 1192 bene
2001 1116 2399 1213 pugnando
2465 1115 2857 1191 substinuit
2912 1118 3207 1191 coelum.
3240 1123 3417 1190 —A
3480 1119 3833 1208 mayqior.

1495 1239 1624 1314 Hic
1675 1240 1962 1312 Marcus
2027 1237 2287 1331 probat
2347 1237 2545 1331 quod
2603 1237 2828 1312 homo
2888 1257 3037 1311 non
3095 1236 3190 1310 sit
3250 1237 3584 1311 subditus
3646 1237 3835 1312 coelo

1493 1364 1854 1453 quantum
1921 1356 2012 1432 ad
2075 1357 2425 1450 animam,
2484 1355 2771 1432 dicens:
2838 1375 2968 1430 vos
3028 1356 3383 1450 viventeS,
3446 1359 3835 1448 soyyiaoete

1495 1480 1696 1552 libert·
1741 1499 1792 1550 a
1840 1479 2168 1568 mayyior
2218 1479 2465 1570 sorza,
2524 1496 2751 1570 quam
2802 1476 2891 1550 sit
2950 1474 3058 1550 vis
3106 1475 3297 1570 coeli,
3349 1483 3415 1550 et
3458 1498 3507 1548 α
3556 1478 3833 1568 ntiylior

1492 1604 1783 1687 natura,
1817 1596 2109 1690 scilicet,
2135 1595 2425 1690 divinae,
2451 1617 2620 1690 quae
2653 1602 2766 1670 est
2799 1602 3063 1670 natura
3100 1602 3475 1690 naturam,
3504 1619 3541 1670 e
3578 1600 3829 1688 quella,

1493 1717 1787 1810 scilicet,
1837 1723 2104 1792 natura
2153 1717 2271 1791 vel
2322 1717 2541 1810 DeuS,
2592 1719 2776 1806 οηά,
2812 1715 2906 1790 ab
2956 1715 3181 1808 initio,
3218 1718 3291 1788 la
3340 1723 3584 1807 mente,
3626 1715 3827 1810 idest,

1433 1905 1440 1913 ,
1493 1839 1816 1913 animam
1871 1838 2327 1932 rationalem,
2377 1840 2453 1910 in
2488 1839 2628 1929 voi,
2670 1836 2961 1930 scilicet,
3005 1835 3448 1930 hominibuS,
3481 1840 3675 1910 clte’l
3708 1841 3833 1912 ciel

1493 1979 1638 2032 non
1685 1960 1780 2032 Ιια
1826 1961 1902 2032 in
1950 1979 2084 2032 sua
2113 1979 2317 2048 ciera,
2354 1958 2557 2050 idest,
2601 1963 2979 2052 potestate,
3023 1956 3197 2050 quia
3236 1957 3483 2031 anima
3518 1977 3687 2051 quae
3720 1965 3830 2032 est

1495 2099 1614 2154 res
1662 2077 1904 2153 divina
1955 2097 2104 2150 non
2153 2087 2266 2153 est
2314 2097 2361 2152 a
2408 2083 2834 2173 generante,
2868 2076 2997 2152 sed
3034 2097 3081 2150 a
3114 2076 3269 2150 Deo
3308 2085 3629 2171 creante,
3664 2077 3829 2152 licet

1494 2198 1730 2272 infusa
1806 2195 2096 2291 corpori
2171 2202 2563 2272 moveatur
2636 2195 3046 2271 secundum
3122 2197 3707 2291 complexionem
3752 2189 3824 2289 (⁴)

1493 2317 1840 2412 corporis,
1869 2316 2094 2390 Nimis
2127 2315 2535 2390 absurdum
2572 2335 2755 2412 ergo
2779 2314 3092 2408 videtur,
3120 2314 3320 2410 quod
3346 2317 3569 2390 homo
3602 2315 3827 2392 subii-

1492 2437 1730 2512 ciatur
1779 2435 1988 2529 coelo,
2042 2455 2217 2509 cum
2274 2435 2513 2530 potius
2562 2442 2760 2511 astra
2811 2435 2953 2542 sint
3003 2435 3190 2510 facta
3248 2443 3547 2530 propter
3596 2436 3830 2510 homi-

1493 2575 1688 2650 nem,
1741 2575 1968 2649 quam
2039 2576 2084 2630 e
2153 2575 2533 2630 converso.
2586 2554 2791 2630 Unde
2848 2554 2941 2630 ad
3010 2555 3597 2630 confirmandum
3660 2575 3829 2650 pro-

1492 2676 1807 2771 positum
1859 2676 2182 2750 occurrit
2232 2675 2407 2748 mihi
2462 2695 2579 2749 res
2618 2676 2893 2770 jocosa.
2947 2675 3248 2769 Floruit,
3300 2695 3447 2749 non
3512 2682 3623 2750 est
3677 2675 3823 2769 diu,

1491 2795 1568 2870 in
1631 2796 1922 2872 civitate
1991 2797 2262 2872 Paduae
2322 2795 2623 2890 quidam
2692 2797 2953 2870 Petrus
3014 2794 3107 2870 de
3164 2795 3442 2890 Ahano,
3510 2797 3823 2870 eximius

1491 2915 1982 3011 philosophuS,
2031 2916 2469 3011 astrologuS,
2518 2921 2595 2990 et
2644 2912 2993 3008 medicuS,
3028 2915 3153 3010 qui
3204 2915 3301 2989 ad
3350 2923 3643 3011 tempus
3692 2916 3823 2991 suit

1491 3035 1566 3108 in
1617 3035 1752 3108 ista
1800 3035 2140 3130 opinione
2189 3055 2439 3130 prava.
2504 3033 2778 3109 Accidit
2836 3041 3089 3109 autem
3150 3037 3403 3129 semel,
3454 3037 3655 3130 quod
3704 3057 3826 3112 ac-

1491 3177 1755 3232 census
1805 3157 1912 3231 ira
1964 3162 2223 3230 contra
2274 3175 2575 3230 servum
2628 3175 2877 3248 suum,
2912 3154 3039 3247 qui
3082 3154 3297 3228 nimis
3342 3155 3551 3231 tarde
3594 3156 3828 3232 redie-

1493 3282 1607 3352 rat
1654 3277 1988 3369 domum,
2023 3275 2315 3350 volebat
2362 3275 2437 3348 in
2488 3275 2743 3350 furore
2792 3272 3090 3347 iniicere
3154 3293 3419 3348 manus
3476 3276 3549 3348 in
3612 3297 3825 3350 eum:

1490 3404 1666 3474 tunc
1733 3418 1994 3474 servus
2057 3416 2284 3493 sagax
2348 3394 2591 3471 subito
2658 3415 2839 3469 usus
2906 3400 3017 3469 est
3081 3393 3397 3491 ingenio,
3458 3405 3532 3471 et
3610 3396 3826 3471 dixit:

1489 3520 1774 3613 Fateor,
1829 3518 2178 3614 magister
2230 3517 2331 3591 mi
2382 3524 2459 3592 et
2506 3514 2826 3610 domine,
2862 3534 2987 3589 me
3034 3535 3362 3610 errasse3
3410 3517 3539 3591 sed
3592 3532 3851 3591 unum·

1493 3639 1805 3715 verbum
1871 3658 2134 3733 precor
2208 3636 2468 3711 audire
2530 3634 2870 3732 digneris
2922 3641 3319 3728 antequam
3380 3657 3425 3711 a
3487 3657 3609 3712 me
3672 3658 3828 3712 me-

1489 3761 1706 3835 ritam
1757 3778 2054 3854 poenam
2085 3748 2158 3848 (¹)
2228 3758 2499 3853 exigas.
2563 3755 2821 3831 Audivi
2880 3776 3098 3851 saepe,
3152 3762 3235 3829 ut
3300 3756 3492 3832 bene
3560 3757 3823 3851 recolo,

1491 3888 1564 3957 te
1613 3880 2000 3973 dicentem,
2046 3877 2245 3973 quod
2292 3877 2540 3952 omnia
2590 3876 2933 3952 eveniant
2980 3876 3075 3951 de
3125 3878 3588 3971 necessitate3
3640 3896 3825 3973 quo-

1489 4001 1710 4076 modo
1759 4020 1942 4096 ergo
1994 4005 2326 4094 poteram
2378 3997 2591 4073 citius
2640 3996 2946 4072 venire?
2996 3998 3259 4071 Petrus
3300 3998 3530 4094 magis
3574 3999 3823 4093 iratus,

1488 4120 1872 4217 porrigens
1921 4140 2229 4193 manum
2280 4117 2373 4193 ad
2436 4116 2809 4211 haculum,
2862 4116 3186 4191 clamare
3242 4118 3507 4213 coepit:
3562 4120 3649 4193 Et
3700 4140 3825 4194 ne-

1487 4262 1694 4319 cesse
1759 4247 1890 4335 est,
1957 4260 2172 4315 serve
2235 4258 2585 4333 nequam,
2636 4237 2836 4331 quod
2894 4244 2967 4313 te
3034 4238 3223 4313 dure
3282 4238 3673 4334 corripiam
3738 4240 3825 4315 de

1487 4362 1948 4437 contumacia
2001 4369 2152 4436 tua.
2188 4362 2395 4435 Tunc
2430 4378 2692 4434 servus
2726 4380 2873 4433 non
2908 4358 3231 4451 territuS,
3266 4360 3633 4454 applicans
3666 4380 3825 4435 ma·

1491 4502 1670 4555 num
1719 4482 1816 4557 ad
1863 4481 2238 4577 capulum,
2288 4480 2508 4554 dixit:
2562 4480 2649 4551 Et
2696 4484 2925 4572 certe,
2970 4478 3320 4575 magister
3370 4479 3644 4573 insane,
3698 4501 3823 4555 ne-

1487 4622 1692 4677 cesse
1739 4608 1872 4695 est,
1910 4600 2106 4695 quod
2141 4600 2437 4697 infigam
2478 4597 2803 4695 gladium
2834 4588 2909 4691 (³)
2956 4598 3032 4672 in
3064 4598 3345 4673 viscera
3382 4604 3532 4673 tua.
3570 4601 3827 4675 Petrus

1485 4730 1736 4799 autem
1807 4722 2074 4796 timore
2139 4726 2603 4816 temperante
2668 4718 2893 4813 iram,
2960 4718 3178 4793 dixit:
3232 4719 3541 4815 Semper
3609 4721 3825 4795 stabis

1487 4862 1807 4937 mecum,
1849 4842 1907 4915 si
1953 4842 2189 4934 voles3
2226 4847 2301 4917 et
2333 4839 2680 4936 promitto
2714 4839 2863 4933 tibi,
2900 4840 3101 4932 quod
3136 4860 3517 4934 nunquam
3554 4840 3647 4915 de
3684 4862 3823 4916 cae-

1609 5032 1664 5092 (⁸)
1699 5034 1808 5090 11⁷,
1839 5029 2251 5092 complexionem
2282 5028 2411 5079 cius.
2784 5024 2841 5088 (²)
2874 5028 2926 5077 S.
2958 5027 3183 5079 debitam
3216 5038 3422 5089 poenam
3452 5027 3641 5091 exigas.

1611 5104 1664 5169 (⁸)
1697 5109 1806 5167 11⁷,
1838 5104 2068 5169 gladium
2108 5105 2267 5157 istum
2296 5104 2351 5157 in
2384 5104 2595 5157 viscera.
