4392 6850
1193 1001 1485 1057 CAN-rus
1529 1000 1850 1055 omnus
1892 999 2280 1055 succubus
2766 989 2931 1058 339·

569 1152 800 1229 ridem
876 1149 1051 1225 vidit
1110 1147 1509 1243 superbam
1571 1145 1938 1221 civitatem
2011 1145 2188 1220 Ilion
2252 1166 2398 1241 ,per
2469 1145 2910 1223 decennium

566 1273 664 1347 ab
729 1270 1056 1348 hostibus
1120 1267 1459 1361 obsideri,
1511 1268 1902 1342 Hectorem
1961 1266 2322 1362 optimum
2388 1266 2632 1342 virum
2686 1270 2913 1345 troia-

571 1413 834 1470 norum
887 1392 984 1466 ab
1032 1389 1308 1466 Achille
1362 1388 1656 1483 raptari,
1693 1394 1768 1463 et
1800 1387 2122 1462 Troilum
2161 1388 2481 1463 alterum
2519 1390 2911 1467 Hectorem

571 1512 899 1591 eiusdem
954 1495 1179 1587 manu
1231 1514 1732 1605 peremptum:
1786 1514 1861 1583 et
1921 1515 2080 1602 post
2137 1509 2415 1583 Paridis
2466 1517 2543 1585 et
2598 1511 2913 1587 aliorum

575 1653 830 1710 necem
884 1631 1197 1728 patriam
1250 1637 1540 1726 ceptam
1593 1627 2194 1704 vidit-ardentem
2236 1628 2411 1703 viris
2459 1640 2534 1708 et
2586 1633 2919 1708 mulieri-

576 1753 716 1829 bus
764 1750 1189 1847 captivatis3
1241 1757 1317 1826 et
1365 1749 1518 1845 ipse
1569 1748 1862 1826 tandem
1916 1768 2126 1824 more
2176 1748 2495 1825 victimae
2558 1760 2922 1828 mactatus

575 1872 680 1953 ad
719 1892 929 1951 aram
980 1891 1204 1947 senex
1254 1870 1499 1946 infelix
1552 1869 1948 1965 superbam
1998 1868 2325 1943 animam
2379 1891 2603 1945 manu
2656 1874 2919 1969 Pyrrhi

582 1991 850 2068 misere
917 1991 1212 2067 efflavit.
1279 1989 1389 2065 Ad
1451 1990 1738 2065 literam
1791 2009 1997 2085 ergo,
2067 1993 2283 2084 poeta
2347 1990 2578 2087 tangit
2628 1992 2919 2067 ruinam

583 2110 793 2209 Qui
857 2117 932 2186 et
990 2110 1257 2207 regalis
1315 2109 1624 2187 civitatis
1689 2108 1984 2203 Priami,
2047 2113 2132 2182 ut
2194 2128 2330 2204 per
2393 2110 2531 2185 hoc
2593 2113 2938 2188 ostendat·

583 2231 941 2312 maiorem
994 2229 1487 2307 infelicitatem
1539 2228 1835 2323 Priami,
1888 2228 2061 2323 quia
2121 2249 2255 2303 rex
2306 2228 2525 2304 simul
2578 2252 2750 2305 cum
2804 2252 2929 2309 re-

584 2372 732 2448 gno
781 2350 1063 2428 cecidit.
1116 2350 1301 2426 Dicit
1351 2371 1576 2448 ergo:
1647 2352 1909 2424 Vedeva
1970 2352 2212 2440 Troia,
2266 2349 2659 2446 figuratam
2697 2353 2768 2428 in
2807 2353 2929 2429 illo

588 2473 1028 2569 pavimento,
1077 2474 1155 2546 in
1203 2493 1444 2547 cenete
1495 2494 1534 2546 e
1578 2475 1653 2545 in
1702 2492 2025 2563 caver-ne,
2094 2477 2393 2566 propter
2459 2474 2725 2549 multas
2780 2480 2933 2550 ter-

592 2614 714 2672 ras
760 2611 1078 2669 eversas.
1141 2592 1231 2667 Et
1286 2592 1760 2688 apostrophat
1814 2590 1908 2667 ad
1973 2591 2343 2667 civitatem
2396 2593 2643 2670 sedem
2699 2596 2930 2692 regni,

591 2713 843 2790 dicens
886 2732 1063 2788 cum
1114 2711 1631 2788 admiratione:
1694 2717 1757 2786 Ο
1805 2714 2010 2804 Ilion,
2079 2711 2313 2787 altum
2374 2718 2447 2787 et
2504 2715 2933 2810 superbum,

593 2854 783 2907 cone
844 2835 902 2907 il
953 2854 1170 2924 scano
1217 2834 1340 2907 clae
1387 2825 1437 2907 li
1483 2836 1549 2906 si
1595 2835 1934 2924 ἀίσσων,
1984 2832 2189 2927 idest,
2242 2832 2483 2929 figura
2546 2856 2714 2929 quae
2770 2857 2937 2912 cer-

599 2953 797 3029 nitur
848 2952 946 3028 ibi
998 2953 1072 3028 in
1124 2952 1265 3047 via,
1317 2959 1680 3028 mose-ava
1729 2959 1790 3027 te
1839 2953 2046 3028 basso
2095 2975 2134 3027 e
2183 2955 2354 3028 vile!
2419 2955 2509 3031 Et
2567 2955 2683 3030 hic
2741 2963 2937 3049 nota,

596 3074 848 3167 lector,
908 3073 1107 3168 quod
1166 3074 1343 3150 ilion
1395 3073 1531 3147 fuit
1580 3072 1832 3149 civitas
1881 3074 2116 3149 Troiae
2178 3081 2255 3149 et
2319 3094 2464 3149 non
2526 3095 2685 3170 arx,
2753 3075 2942 3150 sicut

598 3193 1028 3274 communis·
1063 3214 1279 3270 error
1326 3202 1440 3270 est
1489 3195 1921 3290 multorum,
1962 3194 2151 3269 sicut
2202 3201 2438 3290 potest
2487 3196 2783 3290 probari
2835 3204 2948 3272 te-

602 3314 946 3391 stimonio
996 3315 1387 3392 illustrium
1440 3315 1977 3391 historicorum.
2025 3315 2229 3391 Sicut
2278 3314 2471 3391 enim
2527 3316 2775 3391 scribit
2824 3316 2946 3391 Tia-

602 3445 722 3515 tus
770 3436 1052 3513 Livius:
1103 3435 1374 3514 Lucius
1433 3436 1672 3533 Scipio
1734 3437 1971 3512 dictus
2019 3437 2400 3530 AsiaticuS,
2451 3457 2624 3511 cum
2688 3439 2948 3512 consul

607 3577 965 3635 romanus
1011 3577 1184 3634 cum
1237 3557 1571 3653 Scipione
1619 3557 1958 3633 Africano
2010 3558 2240 3633 fratre
2272 3578 2410 3632 suo
2444 3569 2741 3656 gereret
2791 3561 2951 3636 bel·-

607 3676 763 3755 lum
798 3682 1056 3753 centra
1095 3677 1532 3754 Antiochum
1587 3698 1842 3775 regem
1885 3678 2071 3753 Asiae
2123 3677 2455 3774 pervenit
2507 3699 2679 3754 cum
2732 3701 2952 3757 exer-

607 3798 755 3879 citu
809 3796 901 3873 ad
952 3798 1152 3893 Ilion,
1196 3799 1439 3894 positis
1485 3800 1741 3875 castris
1791 3799 1866 3873 in
1916 3799 2202 3895 campis
2254 3799 2594 3875 subiectis
2656 3801 2953 3894 civitati,

611 3919 985 4016 ingressus
1009 3919 1274 3997 urbem
1311 3926 1387 3996 et
1417 3940 1666 3995 arcem
1705 3920 1872 3997 fecit
1904 3920 2345 3996 sacrificium
2382 3920 2747 4015 Minervae,
2786 3944 2956 4017 quae

612 4039 988 4136 potissimo
1034 4039 1418 4116 colebatur
1467 4040 1587 4135 ibi,
1638 4041 2038 4136 praesserens
2085 4041 2159 4114 in
2211 4041 2555 4117 omnibus
2609 4042 2830 4117 rebus
2883 4049 2959 4118 et

613 4161 1086 4243 sermonibus
1109 4161 1520 4257 ilionenses
1548 4181 1886 4238 asserens
1915 4183 2263 4237 romanos
2296 4181 2390 4236 ex
2425 4160 2561 4236 illis
2595 4161 2959 4259 originem

617 4280 983 4359 babuisse.
1034 4282 1189 4358 Hoc
1239 4282 1431 4358 idem
1483 4282 1734 4358 scribit
1795 4283 2085 4379 Trogus
2143 4279 2557 4377 PompeiuS,
2611 4283 2751 4356 hoc
2809 4282 2962 4356 Au-

616 4401 980 4498 gustinus,
1013 4402 1156 4479 hoc
1204 4402 1578 4497 Hor-osius,
1613 4403 1753 4478 hoc
1794 4400 2240 4498 Pomponius
2282 4401 2510 4481 Mella.
2546 4400 2730 4476 Dicit
2765 4402 2961 4477 enim

618 4521 870 4600 Liuius
920 4522 1118 4615 quod
1158 4520 1392 4618 Scipio
1425 4528 1824 4618 antequam
1867 4521 2288 4618 perveniret
2335 4520 2428 4595 ad
2477 4520 2678 4615 Ilion,
2725 4521 2965 4617 primo

625 4649 931 4719 venerat
981 4641 1404 4721 Dardanum
1454 4640 1848 4737 civitatem,
1884 4662 2076 4737 quae,
2122 4647 2205 4716 ut
2242 4640 2487 4735 credo,
2524 4640 2740 4717 hodie
2791 4641 2969 4723 diciv-

624 4771 751 4844 tur
799 4763 1344 4858 Dardanellnm,
1380 4783 1548 4858 quae
1589 4763 1841 4839 civitas
1879 4763 2077 4839 venit
2122 4762 2255 4837 sibi
2296 4762 2591 4837 obviam
2631 4782 2805 4837 cum
2841 4755 2970 4836 lte-

626 4885 804 4964 utin.
858 4885 1227 4961 Praeterea
1275 4883 1584 4959 Achilles
1622 4884 1890 4959 multas
1935 4891 2173 4960 terras
2220 4883 2411 4979 cepit
2449 4883 2640 4960 intra
2673 4884 2970 4958 Troiam

631 5011 707 5081 et
758 5003 1047 5099 evertit,
1080 5010 1483 5097 antequam
1526 5002 1943 5098 perveniret
1993 5004 2086 5079 ad
2136 5004 2339 5099 llion,
2386 5004 2574 5080 sicut
2624 5004 2971 5098 Thebem,

634 5123 967 5200 Lesbiam
1020 5130 1095 5199 et
1142 5123 1344 5220 aliaS,
1396 5123 1585 5199 sicut
1633 5123 1880 5199 scribit
1930 5125 2297 5200 Homerus
2348 5123 2422 5199 in
2480 5124 2720 5200 Iliade.
2774 5124 2976 5199 Prae-
