4392 6850
1410 890 1549 955 540
2132 900 2540 957 COMENTUM
2591 900 3028 956 punenonn

1406 1046 1795 1140 quitatum,
1830 1045 2053 1121 Josue
2086 1048 2420 1143 princeps
2453 1046 2697 1143 populi
2741 1046 2964 1121 Israel
3006 1058 3167 1141 post
3216 1050 3534 1145 Moysem
3575 1070 3746 1123 cum

1407 1166 1744 1241 intrasset
1774 1174 2069 1248 ‚terram
2123 1168 2642 1263 promissionis»,
2677 1168 2981 1242 transito
3031 1167 3348 1243 Jordane
3399 1170 3589 1265 cepit
3637 1168 3742 1243 ci·-

1408 1286 1705 1360 vitatem
1756 1286 2070 1382 Iericho,
2122 1294 2198 1362 et
2247 1288 2628 1382 destruxit,
2686 1295 2766 1361 ut
2815 1288 3104 1362 dicetur
3161 1287 3372 1382 plene
3423 1287 3747 1363 Paradisi

1352 1428 1357 1433 ·
1409 1406 1725 1501 capitulo
1761 1407 1879 1479 IX.
1916 1407 2057 1481 Sed
2106 1428 2282 1481 cum
2309 1409 2524 1502 jussu
2568 1408 2698 1483 Dei
2738 1407 3152 1483 mandasset
3187 1416 3270 1482 ut
3304 1408 3550 1483 nullus
3589 1416 3752 1481 tan-

1408 1532 1617 1623 geret
1666 1526 1936 1621 aliquid
1988 1526 2081 1602 de
2130 1528 2376 1623 praeda
2427 1529 2757 1623 civitatis,
2801 1528 3095 1623 quidam
3141 1530 3439 1603 nomine
3472 1530 3743 1603 Acbam

1412 1646 1632 1720 nimia
1684 1646 2077 1742 cupiditate
2125 1648 2422 1722 abstulit
2473 1648 2772 1743 pallium
2825 1647 3142 1722 rubeum
3188 1656 3583 1723 etcertum
3623 1669 3748 1721 ar-

1408 1772 1715 1862 gentum
1768 1772 1842 1840 et
1890 1786 2189 1858 aurum,
2227 1762 2497 1861 quae(')
2536 1768 2912 1845 abscondit
2945 1767 3084 1842 sub
3128 1775 3324 1843 terra
3377 1770 3446 1842 in
3501 1770 3750 1843 taber-

1410 1886 1673 1959 naculo
1706 1906 1863 1959 suo.
1907 1886 2064 1973 Qua
2120 1908 2203 1961 re
2254 1887 2484 1961 iratus
2534 1888 2886 1962 Dominus
2921 1888 3109 1983 fecit,
3147 1889 3346 1983 quod
3379 1890 3506 1982 qui
3544 1888 3742 1962 missi

1410 2013 1622 2080 erant
1678 2014 1935 2081 contra
1984 2008 2198 2081 aliam
2255 2008 2619 2083 civitatem
2684 2010 2981 2083 nomine
3039 2010 3194 2105 Hay
3247 2010 3411 2083 victi
3465 2008 3560 2084 ab
3613 2012 3748 2084 bo-

1412 2124 1643 2198 stibus
1705 2133 1909 2221 terga
1960 2126 2346 2221 dederunt,
2397 2127 2680 2202 amissis
2729 2129 3010 2222 aliquot
3068 2128 3159 2203 de
3210 2130 3395 2224 suis3
3450 2136 3752 2224 propter

1409 2246 1607 2339 quod
1659 2246 1881 2321 Josue
1932 2247 2189 2343 lugens
2241 2247 2606 2321 invocavit
2655 2248 3076 2342 Dominum,
3113 2255 3184 2323 et
3232 2248 3478 2323 habito
3497 2240 3574 2341 (²)
3629 2268 3750 2323 re·

1406 2386 1670 2459 sponso
1722 2365 1914 2459 quod
1970 2366 2263 2460 puniret
2314 2388 2528 2441 reum
2591 2368 2785 2463 furti,
2851 2369 3040 2443 facto
3099 2368 3420 2465 diligenti
3483 2368 3750 2443 scruti-

1408 2483 1553 2577 nio,
1589 2483 1861 2558 Acham
1902 2483 2367 2561 confitentem
2407 2486 2686 2560 furtum
2727 2487 2892 2562 fecit
2927 2488 3224 2583 lapidari
3275 2510 3318 2562 a
3372 2489 3639 2585 populo
3674 2498 3752 2565 et

1408 2604 1652 2679 omnia
1706 2628 1839 2681 sua
1890 2606 2061 2701 igne
2112 2608 2467 2701 cremari3
2520 2616 2593 2681 et
2645 2608 2745 2683 sic
2805 2609 3114 2683 cessavit
3177 2608 3385 2682 furor
3436 2609 3743 2683 Domini.

1407 2725 1591 2799 Dicit
1640 2746 1821 2821 ergo
1878 2726 2126 2823 Hugo:
2188 2732 2507 2819 Oiascun,
2559 2728 2830 2804 scilicet
2885 2730 3304 2804 canentium
3348 2731 3486 2826 hic,
3533 2735 3596 2803 si
3641 2735 3753 2804 ri-

1407 2848 1658 2936 corda,
1692 2846 1783 2919 ad
1828 2848 2339 2943 purgationem
2377 2847 2724 2940 avaritiae,
2761 2839 2928 2943 quae
2965 2850 3099 2922 fuit
3135 2850 3230 2923 ita
3265 2851 3516 2945 punita
3551 2851 3746 2925 saxis

1408 2971 1482 3041 et
1532 2964 1864 3060 flammiS,
1928 2970 2041 3039 del
2088 2970 2258 3060 folle
2312 2970 2602 3058 Aeliam,
2655 2970 2772 3043 vel
2819 2960 2895 3061 (³)
2961 2970 3221 3044 melius
3284 2970 3547 3065 Achar,
3611 2970 3740 3065 qui

1408 3085 1541 3158 fuit
1594 3084 1804 3158 nimis
1854 3088 2294 3162 temerarius
2353 3098 2606 3164 contra
2667 3097 3114 3185 praeceptum
3178 3092 3487 3186 Domini,
3552 3113 3744 3165 come

1403 3202 1575 3301 sard
1628 3210 1688 3279 le
1736 3210 2022 3300 spoylie,
2072 3209 2164 3282 de
2197 3210 2488 3283 civitate
2541 3210 2919 3285 maledicta
2956 3231 3000 3283 a
3041 3210 3350 3299 Domino
3385 3212 3512 3306 qui
3555 3234 3748 3308 prae-

1405 3333 1702 3419 ceperat
1750 3326 2025 3401 destrui
2078 3334 2308 3402 totam
2363 3336 2436 3403 et
2485 3328 2654 3426 igne
2706 3328 3081 3426 succendi3
3137 3329 3296 3405 ideo
3363 3333 3551 3406 bene
3611 3333 3746 3406 luit

1405 3466 1698 3540 poenam
1751 3447 1823 3520 in
1876 3449 2046 3522 vita.
2098 3449 2304 3523 Unde
2353 3449 2556 3526 dicit:
2592 3443 2650 3524 si
2685 3455 2804 3524 che
2845 3455 2888 3524 Γ
2915 3454 3033 3524 ira
3071 3454 3148 3525 di
3182 3449 3417 3544 Josue,
3454 3458 3574 3545 qui
3599 3475 3746 3547 par

1405 3588 1631 3639 ancor
1681 3571 1875 3640 che’l
1920 3573 2214 3664 morda3
2267 3577 2341 3644 et
2393 3591 2570 3646 vere
2625 3593 2890 3668 magna
2943 3573 3078 3646 suit
3127 3572 3234 3646 ira
3286 3572 3532 3667 Josue,
3569 3575 3744 3668 quia

1404 3686 1571 3761 fecit
1630 3687 1811 3762 filios
1882 3695 1955 3764 et
2016 3690 2195 3764 filias
2260 3697 2332 3765 et
2383 3692 2720 3787 Jumenta
2789 3693 3128 3786 cremari,
3197 3693 3390 3787 quod
3454 3695 3750 3770 videtur

1403 3807 1778 3902 iniustum,
1830 3815 1903 3883 et
1954 3830 2099 3884 non
2152 3811 2393 3886 minor
2444 3812 2736 3887 videtur
2785 3813 2894 3886 ira
2946 3813 3097 3906 Dei,
3141 3814 3266 3907 qui
3319 3813 3550 3888 iratus
3585 3823 3746 3890 erat

1402 3935 1655 4002 contra
1694 3935 1929 4002 totum
1968 3930 2318 4025 populum
2356 3931 2814 4007 innocentem
2860 3939 3154 4028 propter
3194 3934 3484 4028 culpam
3524 3935 3746 4009 unius

1401 4047 1961 4122 avari—Indi.
2016 4051 2145 4124 Hic
2192 4051 2407 4147 Ilugo
2457 4052 2687 4147 tangit
2736 4051 2964 4126 alium
3032 4060 3280 4127 actum
3346 4053 3502 4126 vilis
3561 4075 3742 4128 ava-

1402 4167 1606 4243 ritiae.
1660 4169 1867 4262 Nam,
1920 4178 2005 4243 ut
2067 4177 2264 4265 patet
2320 4173 2522 4245 omni
2581 4173 2994 4268 christiano,
3046 4174 3120 4246 in
3179 4174 3543 4268 primitiva
3605 4175 3746 4248 Ec-

1402 4286 1623 4362 clesia
1677 4289 2153 4364 multitudinis
2203 4291 2660 4367 credentium
2701 4298 2862 4366 erat
2905 4313 3034 4366 cor
3084 4304 3316 4367 unum
3373 4301 3446 4368 et
3495 4293 3768 4368 anima¹

1402 4429 1588 4502 una3
1641 4416 1853 4484 erant
1903 4411 2122 4487 etiam
2178 4407 2312 4485 illis
2362 4413 2609 4486 omnia
2661 4415 3105 4488 communia.
3160 4413 3286 4487 Vir
3337 4435 3516 4510 ergo
3575 4415 3744 4509 qui-

1400 4527 1570 4602 dam
1624 4531 1920 4605 nomine
1969 4531 2285 4606 Ananias
2337 4538 2411 4606 et
2461 4531 2762 4628 Sapbira
2802 4553 2992 4606 uxor
3027 4533 3186 4607 eius
3226 4533 3298 4607 in
3332 4533 3740 4608 Jerusalem

1400 4649 1727 4724 volentes
1797 4653 2003 4744 sequi
2055 4654 2422 4747 apostolos
2473 4652 2954 4727 vendiderunt
3015 4674 3280 4748 agrum
3338 4655 3741 4749 proprium,

1402 4778 1475 4845 et
1527 4777 1731 4864 parte
1782 4771 1993 4865 pretii
2047 4778 2354 4866 retenta,
2392 4772 2753 4867 reliquam
2793 4780 3307 4868 presentarunt
3347 4773 3561 4849 beato
3605 4775 3746 4849 Pe-

1527 4953 1581 5014 (¹)
1613 4953 1675 5002 E.
1707 4967 1822 5016 quae
1856 4957 2027 5005 omnia
2060 4958 2341 5008 abscondit.
2594 4955 2649 5020 (³)
2684 4961 2792 5016 11⁷,
2827 4958 3005 5009 babuit
3038 4972 3358 5022 responsum.

1528 5029 1583 5093 (¹)
1614 5029 1676 5080 E.
1712 5031 1792 5080 vel
1826 5031 2006 5083 Anbar
2036 5035 2123 5098 qui
2158 5035 2258 5084 fnit
2289 5035 2611 5086 temerarius.
