4392 6850
1459 973 1744 1031 cmrns
1789 975 2120 1042 Qum'rUS.
2195 1015 2202 1020 .
2816 961 2954 1030 163

609 1121 1132 1197 eonfirmatur:
1191 1125 1362 1194 Cum
1413 1129 1644 1195 terras
1691 1122 1957 1196 nebula»
2009 1125 2300 1216 pulsant
2352 1123 2479 1196 lux
2528 1125 2733 1194 clara
2770 1141 2955 1214 pro-

605 1245 952 1338 pinquat;
1001 1243 1297 1316 AEthera
1345 1261 1502 1316 cum
1558 1243 1858 1316 densant
1903 1242 2239 1316 imbribus
2302 1261 2487 1314 arva
2549 1245 2809 1334 rigant.
2866 1241 2951 1314 Et

613 1362 752 1436 hoc
799 1361 960 1437 dico
1011 1361 1284 1436 factum
1326 1368 1438 1436 ent
1469 1360 1564 1436 de
1597 1361 1888 1456 nebula,
1923 1381 2118 1436 come
2138 1364 2192 1436 'l
2220 1353 2293 1436 di
2318 1365 2402 1455 fu
2442 1367 2709 1454 sperato,
2744 1359 2951 1455 idest,

603 1482 852 1557 statim
928 1502 1100 1557 cum
1179 1481 1500 1575 recessit,
1551 1484 1650 1556 da
1713 1487 2220 1574 Pratomava.
2286 1481 2417 1558 Hic
2478 1483 2699 1558 debes
2768 1481 2955 1558 scire

605 1602 808 1697 quod
868 1602 1534 1700 Pratummagnum
1601 1609 1716 1678 est
1779 1623 1929 1677 una
1991 1623 2263 1699 magna
2315 1608 2731 1698 montanea,
2785 1624 2955 1698 quae

611 1723 884 1800 recedit
915 1745 961 1799 a
997 1730 1200 1799 recto
1241 1723 1428 1799 colle
1458 1723 1812 1820 Apennini
1845 1745 1890 1798 a
1937 1722 2263 1818 meridie,
2299 1729 2373 1798 et
2406 1723 2697 1798 videtur
2734 1731 2953 1798 tantae

603 1843 1006 1918 altitudinis
1067 1851 1366 1939 quantae
1426 1843 1889 1940 Apenninus;
1943 1843 2106 1918 ideo
2155 1843 2263 1918 sol
2326 1840 2616 1918 videtur
2675 1842 2955 1917 tardius

610 1963 964 2040 recedere
1009 1966 1106 2040 ab
1155 1965 1276 2040 illo
1329 1971 1600 2060 monte,
1654 1970 1728 2040 et
1779 1965 1852 2039 in
1903 1965 2042 2039 isto
2075 1970 2327 2038 monte
2361 1969 2471 2038 est
2510 1963 2651 2038 alia
2690 1985 2955 2062 magna

609 2103 912 2160 eremus
961 2084 1176 2158 Vallis
1261 2083 1676 2180 Umbrosae3
1753 2083 1918 2159 ideo
1999 2089 2215 2180 poeta
2280 2082 2620 2158 libentius
2650 2075 2725 2176 (¹)
2790 2082 2957 2158 fecit

610 2203 1058 2279 mentionem
1109 2205 1202 2280 de
1236 2205 1749 2302 Pratomagno.
1803 2203 2004 2278 Scias
2053 2203 2277 2278 etiam
2318 2203 2517 2297 quod
2550 2203 2856 2278 Pratum
2882 2194 2955 2298 (²)

606 2330 724 2398 est
755 2324 1284 2418 pulcerrimum
1321 2331 1646 2400 castrum
1685 2324 1876 2400 inter
1925 2323 2367 2400 Florentiam
2412 2330 2487 2399 et
2536 2323 2956 2419 Pistorium,

607 2441 706 2518 de
753 2433 905 2536 quo
953 2443 1230 2518 dictum
1291 2449 1403 2518 est
1451 2443 1716 2518 Inferni
1767 2443 2086 2540 capitulo
2136 2431 2383 2518 XXVI.
2441 2444 2563 2518 Est
2622 2451 2697 2519 et
2760 2442 2958 2517 aliud

611 2561 920 2637 Pratum
973 2564 1172 2659 quod
1235 2563 1502 2639 dicitur
1563 2570 1780 2639 vetus
1835 2563 1910 2638 in
1971 2564 2359 2640 Casentino
2398 2565 2615 2661 juxta
2674 2564 2957 2638 Arnum

611 2703 762 2758 non
830 2684 1050 2781 longe
1109 2704 1156 2758 a
1221 2684 1738 2782 Pratomagno.
1793 2684 1880 2758 Et
1941 2683 2112 2759 dicit
2182 2683 2635 2760 Boncontes:
2703 2691 2777 2758 et
2840 2683 2960 2758 ille

611 2803 930 2900 daemon,
975 2809 1126 2899 fece
1171 2808 1240 2879 el
1281 2807 1412 2880 ciel
1453 2809 1708 2880 intento
1767 2808 1842 2879 di
1903 2825 2152 2898 sopra,
2204 2803 2407 2899 idest,
2474 2804 2640 2879 fecit
2704 2823 2957 2880 aerem

613 2923 1001 3000 intinctum
1053 2931 1130 3002 et
1177 2926 1638 3002 obfuscatum
1679 2946 1948 3022 magna
1981 2924 2291 3022 caligine
2323 2925 2634 3020 nebulae,
2680 2925 2797 3000 vel
2830 2947 2961 3000 su·-

613 3044 1094 3142 perimposuit
1142 3045 1374 3143 frigus
1423 3045 1898 3142 deprimendo
1951 3045 2207 3138 nubes,
2260 3065 2355 3120 ex
2406 3065 2556 3139 quo
2610 3045 2797 3120 facta
2849 3050 2961 3120 est

617 3164 902 3261 pluvia3
957 3167 1154 3241 unde
1193 3165 1402 3242 dicit:
1437 3158 1500 3240 si
1529 3167 1652 3240 che
1688 3169 1734 3240 ἴ
1761 3169 1917 3240 aire
1944 3185 2248 3259 prem,
2282 3164 2578 3259 scilicet,
2618 3165 2961 3260 nubibuS,

612 3288 678 3359 si
735 3307 1070 3360 converse
1131 3289 1210 3360 in
1273 3305 1528 3379 acqua,
1588 3293 1664 3361 et
1731 3285 1916 3380 ideo,
1967 3288 2042 3359 la
2093 3288 2387 3378 piquia
2450 3287 2696 3378 cadde,
2757 3308 2796 3359 e
2856 3277 2965 3360 οἱὸ

617 3407 736 3481 che
782 3410 860 3483 di
905 3410 1017 3498 lei,
1069 3407 1274 3503 idest,
1326 3405 1680 3503 quidquid
1731 3405 1922 3481 illius
1963 3405 2252 3503 pluviae,
2290 3409 2365 3482 la
2399 3411 2598 3481 terra
2634 3428 2779 3481 non
2810 3411 2963 3502 sos-

612 3530 822 3621 serse,
855 3527 1061 3621 idest,
1096 3534 1298 3605 terra
1331 3528 1546 3625 plana
1583 3549 1728 3604 non
1759 3526 2176 3622 substinuit,
2210 3547 2359 3602 non
2408 3526 2711 3621 imbibit,
2750 3546 2968 3600 venne

615 3650 694 3721 ai
730 3652 1008 3743 fossati,
1066 3669 1107 3722 e
1152 3653 1216 3724 si
1277 3642 1516 3741 raino,
1568 3648 1862 3743 scilieet,
1916 3646 2092 3721 illud
2157 3652 2397 3722 totum
2464 3668 2680 3741 aquae
2732 3647 2965 3741 fluxit,

617 3763 742 3841 ver
789 3771 860 3842 lo
902 3772 1112 3862 fiume
1159 3772 1378 3861 reale,
1429 3769 1635 3864 idest,
1688 3767 2164 3862 Archianum,
2242 3774 2435 3841 tanto
2488 3770 2737 3859 veloce,
2791 3787 2964 3843 cum

621 3907 894 3985 magno
944 3888 1248 3985 impetu,
1311 3890 1432 3963 ohe
1479 3892 1676 3964 nulla
1726 3892 1800 3962 la
1848 3890 2142 3978 ritenne,
2190 3886 2367 3961 illud
2422 3892 2653 3961 totum
2704 3908 2967 3983 super-

561 4002 570 4013 '
621 4006 856 4081 fluum
907 4030 1146 4105 aquae,
1197 4028 1392 4084 come
1453 4012 1531 4084 ai
1575 4010 1716 4083 ηὐἰ
1761 4010 2028 4100 orande·
2074 4009 2138 4082 si
2185 4028 2562 4100 convenne,
2613 4008 2741 4104 qui
2796 4029 2969 4104 por-

618 4128 875 4206 tabant
923 4150 1198 4224 aquam
1249 4128 1322 4203 in
1384 4129 1854 4204 Archianum.
1918 4128 2006 4203 Et
2071 4146 2249 4203 ecce
2307 4127 2693 4202 effectum:
2759 4131 2969 4203 l’Ar-

617 4248 828 4321 cleian
896 4250 1200 4343 rubesco,
1275 4248 1482 4344 idest,
1559 4248 1950 4347 robustum
2017 4254 2094 4323 et
2161 4248 2349 4323 forte
2413 4248 2629 4322 tantis
2693 4247 2971 4323 viribus

619 4386 992 4462 aquarum
1045 4368 1366 4465 veniens,
1443 4364 1646 4443 θὀυὸ
1695 4370 1766 4443 lo
1821 4388 2040 4462 corpo
2101 4370 2269 4461 min,
2322 4366 2525 4461 idest,
2576 4367 2724 4442 mei
2775 4367 2971 4442 Bon-

621 4487 876 4583 eontiS‚
927 4492 1185 4580 yelato,
1237 4496 1480 4565 morte
1529 4488 1870 4583 violenta,
1924 4488 2098 4584 quia
2149 4488 2225 4561 in
2290 4508 2381 4563 eo
2446 4508 2593 4563 non
2670 4508 2971 4563 reman-

621 4616 822 4685 serat
867 4610 1188 4707 sanguis»,
1241 4620 1318 4689 et
1380 4628 1578 4706 aqua
1628 4608 1972 4704 violenta,
2011 4612 2090 4683 in
2133 4630 2219 4683 su
2270 4611 2345 4683 la
2386 4614 2570 4704 soce,
2636 4608 2861 4703 ipsius
2890 4600 2966 4702 (³)

617 4728 966 4825 fluminis),
1017 4730 1144 4805 ubi
1193 4729 1416 4807 intrat
1465 4730 1774 4825 Arnum,
1817 4750 1858 4803 e
1903 4732 2219 4823 sospinse
2252 4732 2432 4823 quel,
2477 4727 2681 4823 idest,
2719 4735 2795 4805 et
2830 4728 2974 4803 im-

619 4850 806 4946 pulit
854 4850 1096 4947 ipsum
1144 4870 1436 4947 corpus,
1487 4852 1877 4943 nell'ArnO,
1926 4872 1965 4923 e
2009 4852 2255 4924 ,ςσίοιςε
2323 4852 2401 4924 al
2458 4851 2599 4922 mio
2652 4856 2837 4943 petto
2900 4852 2974 4924 la

752 5118 811 5184 (¹)
847 5124 956 5181 11⁷,
989 5118 1180 5184 potius.
1427 5116 1486 5182 (²)
1515 5118 1570 5172 S.
1601 5118 1758 5171 Proto
1789 5123 1884 5170 ut.
2134 5116 2191 5182 (⁸)
2223 5118 2285 5169 E.
2318 5118 2517 5170 scilieet
2548 5118 2723 5182 ipsius.
