4392 6850
1465 942 1561 1011 90
2187 953 2596 1010 com-run
2644 955 3091 1012 runcum-osu

1463 1099 1594 1176 bes
1643 1099 2134 1195 adamantem,
2189 1106 2272 1174 ut
2320 1099 2489 1173 dicit
2537 1099 3015 1197 AugustinuS,
3072 1099 3333 1176 desinit
3386 1102 3683 1176 trahere
3734 1110 3810 1178 et
3914 1167 3927 1182 .

1463 1220 1786 1298 remittit.
1839 1223 1992 1295 Hoc
2041 1240 2180 1317 ego
2230 1220 2381 1296 scio
2432 1220 2847 1318 cognitione
2872 1215 2975 1316 (‘),
3013 1221 3187 1316 quia
3234 1221 3505 1297 scilicet
3553 1223 3651 1297 ab
3702 1224 3809 1296 es-

1459 1342 1677 1436 sectu,
1731 1341 1906 1435 quia
1955 1341 2049 1415 ad
2097 1341 2398 1416 oculum
2437 1340 2671 1436 vide0,
2709 1351 2959 1418 tamen
2996 1342 3239 1417 nescio
3274 1351 3573 1438 propter
3608 1343 3805 1437 quid,

1459 1462 1634 1558 qnia
1684 1461 1944 1558 ignoro
1994 1481 2295 1536 causam
2318 1485 2338 1554 3
2383 1461 2579 1536 unde
2628 1460 2990 1556 sapientes
3022 1461 3369 1537 dixerunt
3404 1462 3600 1556 quod
3644 1483 3807 1538 ma—

1457 1601 1640 1678 gnes
1690 1581 1910 1656 habet
1960 1583 2099 1655 hoc
2147 1602 2194 1655 a
2247 1581 2523 1656 virtute
2572 1580 2929 1677 specifica,
2966 1581 3065 1656 ita
3100 1602 3391 1676 possem
3432 1581 3680 1658 dicere
3712 1583 3807 1656 de

1458 1703 1728 1777 multiS.
1793 1702 2004 1777 Modo
2069 1700 2161 1775 ad
2228 1700 2679 1796 propositum
2742 1707 2957 1798 poeta
3024 1708 3273 1776 noster
3338 1702 3543 1798 fingit
3607 1703 3803 1798 quod

1458 1821 1823 1918 virgiliae,
1876 1822 2003 1916 qui
2055 1828 2164 1896 est
2214 1843 2349 1896 sua
2406 1820 2590 1896 ratio
2640 1820 3016 1916 naturalis,
3073 1821 3187 1896 hic
3236 1829 3495 1918 sponte
3544 1843 3625 1897 se
3676 1843 3805 1896 su-

1427 1943 1657 2032 ,biicit
1704 1942 1894 2037 fidei,
1947 1948 2020 2018 et
2069 1941 2329 2017 suadet
2378 1941 2535 2016 aliis
2585 1948 2670 2016 ut
2718 1943 2861 2016 sint
2911 1943 3231 2017 contenti
3274 1943 3577 2018 credere
3629 1942 3803 2037 quia

1457 2065 1561 2139 sic
1610 2071 1744 2158 est,
1793 2069 1870 2138 et
1933 2083 2078 2136 non
2136 2083 2565 2156 quaeramus
2630 2062 3013 2158 rationem,
3066 2063 3255 2137 sicut
3317 2062 3494 2164 fides
3560 2063 3802 2157 dictat,

1456 2187 1654 2280 quod
1704 2187 1900 2260 Deus
1951 2191 2060 2259 est
2111 2183 2352 2258 trinus
2403 2190 2479 2258 et
2531 2205 2744 2278 unu3‚
2798 2191 2873 2259 et
2921 2184 3119 2278 quod
3170 2191 3280 2260 est
3329 2184 3625 2260 infinitae
3672 2205 3805 2280 po-

1423 2307 1723 2400 ‚tentiae,
1776 2312 1850 2380 et
1900 2305 2099 2399 quod
2130 2295 2204 2398 (²)
2265 2303 2593 2378 Christus
2642 2311 2753 2378 est
2803 2305 3001 2379 Deus
3052 2311 3127 2378 et
3176 2306 3422 2399 homo,
3474 2311 3547 2380 et
3606 2303 3803 2399 quod

1454 2428 1702 2503 anima
1755 2425 2025 2520 patitur
2073 2424 2168 2498 ab
2221 2423 2391 2520 igne
2440 2443 2835 2519 corporeo:
2872 2444 3055 2519 ergo
3090 2424 3150 2498 si
3186 2445 3331 2499 non
3374 2424 3479 2499 vis
3520 2443 3799 2516 errare,

1427 2547 1602 2636 ‚noli
1652 2546 2118 2641 investigare,
2173 2544 2393 2619 crede
2444 2552 2519 2621 et
2583 2545 2969 2620 manduca.
3042 2546 3129 2619 Et
3195 2545 3583 2620 confirmat
3638 2544 3802 2618 Vir-

1455 2669 1672 2765 gilius
1724 2668 1920 2762 quod
1969 2666 2150 2740 dixit
2197 2665 2467 2761 duplici
2518 2665 2823 2760 ratione,
2859 2688 3180 2761 quarum
3221 2666 3458 2762 prima
3510 2666 3799 2743 videtur

1421 2790 1667 2864 talis:
1721 2787 1780 2861 si
1831 2786 2167 2882 possibile
2220 2793 2410 2860 esset
2460 2806 2592 2882 per
2642 2787 3001 2863 rationem
3069 2789 3469 2862 humanam
3526 2807 3802 2884 cogno-

1457 2930 1666 2986 scere
1725 2907 2176 2982 divinitatem
2239 2914 2315 2981 et
2370 2906 2702 2982 ordinem
2766 2907 2956 2981 illius
3016 2907 3089 2981 in
3153 2883 3537 3002 creaturiS,
3598 2915 3800 2983 certe

1456 3031 1598 3106 hoc
1655 3029 2027 3104 novissent
2089 3027 2307 3122 primi
2372 3034 2713 3122 parentes
2770 3027 3065 3101 formati
3128 3047 3356 3101 manu
3417 3026 3660 3102 divina
3726 3027 3799 3101 in

1457 3155 1726 3223 natura
1778 3149 2064 3244 integra
2115 3153 2191 3222 et
2242 3146 2558 3240 perfecta
2572 3171 2592 3240 ;
2644 3146 2772 3222 sed
2806 3146 2866 3221 si
2900 3146 3013 3221 isti
3048 3167 3197 3222 non
3230 3152 3633 3242 potuerunt
3666 3168 3801 3223 no-

1454 3290 1664 3345 scere
1715 3268 1984 3361 omnia,
2038 3275 2317 3362 quanto
2370 3265 2611 3340 minus
2648 3287 2781 3340 nos
2813 3266 3142 3361 concepti
3190 3266 3263 3339 in
3303 3267 3796 3361 corruptione,

1453 3389 1602 3466 nati
1653 3389 1727 3463 in
1779 3393 2079 3484 peccato
2130 3387 2321 3463 inter
2374 3392 2478 3460 tot
2528 3389 2873 3461 errores?
2924 3385 3105 3464 Dicit
3152 3407 3370 3485 ergo:
3406 3383 3553 3479 clad,
3588 3387 3792 3482 idest,

1452 3510 1648 3605 quia,
1699 3532 1774 3583 se
1815 3515 2102 3603 poss-uto
2152 3514 2383 3582 avesle
2430 3511 2640 3582 veder
2690 3514 2883 3598 tuuc,
2931 3506 3135 3601 idest,
3172 3508 3361 3584 scire
3410 3515 3485 3582 et
3518 3529 3793 3605 cogno-

1451 3652 1660 3707 scere
1734 3631 1982 3705 omnia
2057 3631 2282 3722 clare,
2358 3632 2630 3702 mstier
2704 3649 2849 3701 non
2922 3648 3051 3700 era
3116 3632 3450 3723 partun-ir
3525 3634 3793 3721 Maria,

1418 3752 1627 3848 ,quia
1667 3741 1740 3844 (³)
1805 3750 1864 3825 si
1933 3751 2131 3826 Deus
2201 3750 2547 3825 voluisset
2610 3749 2985 3824 hominem
3052 3749 3243 3824 scire
3303 3750 3584 3845 omnia,
3650 3771 3795 3825 non

1452 3872 1912 3969 praecepisset
1945 3870 2198 3967 primis
2225 3868 2649 3965 parentibus
2687 3889 2779 3943 ne
2812 3876 3195 3965 gustarent
3218 3869 3311 3944 de
3336 3870 3533 3967 ligno
3560 3871 3797 3945 scien-

1451 3991 1572 4066 tiae
1629 3991 1804 4066 boni
1861 3998 1936 4067 et
1999 3991 2195 4085 mali,
2266 3997 2339 4066 et
2402 3990 2459 4065 si
2530 3988 2626 4063 illi
2692 4009 2837 4062 non
2901 3996 3339 4086 gustassent,
3409 4012 3553 4063 non
3608 3998 3799 4065 esset

1449 4113 1878 4187 damnatum
1930 4134 2167 4208 genus
2221 4111 2673 4205 humanum3
2710 4119 2784 4186 et
2816 4110 2875 4183 si
2916 4130 3153 4207 genus
3200 4111 3611 4185 humanum
3646 4132 3796 4186 non

1449 4240 1642 4309 esset
1688 4232 2147 4328 damnatum,
2202 4254 2347 4306 non
2398 4232 2783 4326 oportebat
2832 4231 3201 4305 Christum
3266 4231 3460 4306 nasci
3526 4239 3599 4307 et
3650 4232 3796 4327 pati

1447 4377 1584 4452 pro
1654 4354 2156 4449 redemptione
2219 4353 2413 4429 eius:
2486 4352 2651 4427 ideo
2716 4351 2809 4427 de
2866 4352 3106 4447 primo
3174 4350 3267 4425 ad
3332 4352 3679 4426 ultimum
3739 4352 3799 4425 si

1447 4476 1670 4550 homo
1719 4474 2074 4569 potuisset
2121 4473 2313 4548 scire
2362 4471 2613 4547 omnia
2664 4492 2810 4545 non
2859 4470 3245 4567 oportebat
3308 4472 3606 4545 Mariam
3662 4492 3796 4566 pa-

1448 4614 1616 4670 rere
1666 4594 2058 4669 Christum.
2113 4593 2277 4667 Scio
2330 4598 2579 4667 tamen
2641 4592 2838 4687 quod
2900 4591 3125 4685 aliqui
3187 4590 3462 4665 faciunt
3523 4591 3797 4665 instau—

1569 4856 1624 4919 (¹)
1656 4857 1717 4907 E.
1751 4859 2044 4921 cognitione
2077 4858 2279 4908 scilicet
2310 4856 2375 4907 ab
2404 4856 2595 4907 ellectu
2628 4856 2749 4919 quia
2781 4855 2931 4907 video
2964 4855 3027 4905 ad
3060 4854 3293 4915 oculum,
3328 4860 3518 4905 tamen.

1571 4928 1626 4995 (’)
1658 4932 1720 4982 E.
1753 4932 1892 4997 quod
1926 4934 2177 4983 Dominus
2208 4932 2359 4983 Jesus
2391 4930 2627 4982 Christus
2658 4930 2979 4994 Redemptor
3012 4936 3188 4981 noster
3216 4929 3630 4993 praetiosissimus
3652 4929 3793 4980 Deus

1447 5013 1527 5059 est
1554 5014 1609 5061 et
1639 5011 1817 5060 homo.

1575 5086 1628 5151 (⁸)
1661 5092 1769 5148 11⁷,
1803 5090 1948 5153 quasi
1979 5090 2141 5141 dicat:
2175 5090 2219 5140 si
2251 5089 2409 5139 Deus.
