4392 6850
1254 950 1530 1007 CANTUS
1577 952 1890 1009 DECIMUS
1939 953 2224 1010 PRIMUS.
2765 946 2906 1013 321

561 1091 667 1189 git
721 1113 1092 1168 summam
1165 1096 1744 1174 humiliationem
1775 1093 1848 1193 (¹)
1902 1099 2360 1194 Provinzani‚
2412 1100 2707 1176 dicens:
2760 1124 2799 1175 e
2846 1106 2911 1177 si

561 1216 896 1288 condus-se
943 1236 992 1288 a
1043 1222 1312 1291 cremar
1353 1240 1485 1311 per
1534 1223 1703 1311 oqui
1744 1242 1949 1310 vena,
2009 1220 2303 1314 scilicet,
2359 1222 2711 1319 rogando,
2749 1243 2905 1317 quo

563 1334 734 1409 nihil
794 1342 904 1409 est
965 1337 1226 1412 durius
1298 1344 1372 1415 et
1448 1340 1956 1416 verecundius.
2027 1340 2198 1416 Ideo
2274 1342 2463 1417 bene
2538 1344 2907 1417 exclamat
3048 1396 3057 1403 -

559 1453 836 1529 Seneca
886 1457 946 1529 Π
995 1456 1089 1531 de
1147 1456 1556 1533 Beneficiis:
1631 1464 1692 1535 0
1739 1481 2110 1535 onerosum
2174 1462 2483 1553 verbum,
2536 1466 2726 1537 vultu
2790 1465 2904 1535 di-

561 1577 771 1647 misso
829 1596 1106 1669 semper
1167 1580 1526 1653 dicendum
1590 1601 1774 1671 roqo
1786 1606 1818 1673 ;
1868 1587 1943 1655 et
2009 1600 2185 1655 ecce
2236 1602 2510 1675 quare:
2550 1604 2691 1675 per
2741 1590 2905 1656 trar

561 1698 850 1769 l'anaico
907 1718 1082 1791 suo;
1129 1697 1266 1773 iste
1317 1700 1718 1774 vocabatur
1758 1700 2010 1794 Vinea,
2046 1701 2174 1793 qui
2209 1706 2465 1795 captus
2512 1702 2708 1796 apud
2760 1703 2901 1776 Ta-

561 1816 996 1913 gliacocium
1035 1820 1468 1914 expectabat
1515 1820 1951 1915 decapitari3
1994 1820 2155 1896 ideo
2191 1819 2398 1895 dicit:
2436 1824 2512 1895 di
2534 1843 2749 1915 pena,
2783 1823 2903 1895 che

559 1946 876 2013 sostenea
923 1942 1110 2013 nella
1152 1943 1441 2033 primori
1489 1944 1566 2017 di
1620 1944 1860 2033 Carlo,
1906 1940 2113 2035 idest,
2155 1940 2397 2016 Caroli
2450 1941 2644 2039 regis
2696 1948 2901 2017 vete-

561 2058 706 2132 ris:
761 2066 836 2135 et
885 2059 987 2134 sic
1040 2060 1205 2135 vide
1255 2061 1452 2155 quod
1503 2060 2003 2136 Provinzanus
2066 2059 2374 2135 redemit
2433 2059 2757 2135 amicum
2810 2059 2901 2135 de

563 2180 902 2255 manibus
950 2181 1214 2275 Caroli,
1266 2181 1394 2276 qui
1445 2203 1592 2257 non
1643 2182 1878 2277 potuit
1935 2188 2186 2277 postea
2246 2202 2327 2256 se
2388 2180 2753 2257 redimere
2810 2181 2902 2256 de

560 2302 898 2377 manibus
934 2301 1180 2377 vicarii
1219 2302 1428 2377 illius,
1465 2304 1553 2377 Et
1585 2303 1951 2377 concludit
1984 2301 2390 2377 odorisius:
2419 2304 2631 2394 quesl'
2655 2306 2903 2395 opera,

558 2428 776 2496 lantae
827 2422 1254 2499 humilitatis
1301 2430 1376 2498 et
1423 2423 1766 2517 caritatiS‚
1815 2426 1918 2514 qli
1965 2426 2133 2496 colse
2171 2426 2328 2515 quei
2373 2424 2655 2515 confini,
2696 2421 2903 2516 idest,

561 2542 892 2617 liberavit
955 2563 1128 2618 eum
1182 2564 1228 2618 a
1288 2545 1452 2619 loco
1509 2543 2046 2619 confinatorum
2101 2548 2312 2617 extra
2364 2542 2898 2640 purgatorium.

560 2664 642 2737 Et
691 2668 997 2738 excusat
1047 2684 1126 2739 se
1177 2662 1576 2759 praedicens
1625 2662 1758 2737 sibi
1809 2684 2032 2736 suum
2085 2662 2410 2756 exilium,
2450 2661 2644 2736 unde
2687 2661 2895 2735 dicit:

554 2777 674 2875 ρὶὰ
720 2803 866 2855 non
913 2774 1100 2876 diro,
1172 2782 1346 2877 quia
1395 2782 1586 2857 bene
1637 2781 2055 2880 intelligenti
2123 2802 2357 2877 pauca
2411 2782 2637 2856 verba
2687 2782 2899 2855 suffi-

561 2902 790 2996 ciunt,
861 2924 900 2977 e
969 2923 1178 2976 scuro
1251 2924 1334 2975 so
1400 2904 1596 2975 ch'io
1661 2905 1926 2997 parlo;
1994 2902 2166 2997 quia
2193 2894 2269 2994 (²)
2344 2900 2628 2975 dixerat
2700 2900 2897 2995 quod

559 3022 1056 3097 Provinzanus
1104 3022 1557 3098 conduxerat
1607 3044 1688 3097 se
1735 3022 1829 3097 ad
1897 3021 2367 3098 tremendum
2417 3042 2549 3116 per
2598 3042 2893 3096 omnem

559 3162 873 3236 venam3
947 3163 1066 3214 ma
1129 3162 1314 3235 poco
1379 3149 1603 3235 tempo
1677 3132 1944 3233 andrd,
2019 3142 2190 3237 quia
2258 3141 2447 3217 sorte
2517 3140 2891 3217 biennium

559 3262 907 3355 transibit,
959 3265 1078 3335 che
1125 3265 1152 3337 i
1195 3265 1340 3335 moi
1389 3265 1620 3354 vicini,
1669 3261 1959 3356 scilicet,
2010 3260 2395 3355 florentini,
2442 3265 2760 3357 saranno
2808 3254 2895 3355 si,

559 3381 981 3478 expellendo
1044 3388 1118 3458 te
1175 3381 1270 3458 de
1331 3382 1586 3478 patria,
1645 3385 1766 3457 che
1825 3390 1896 3458 tu
1957 3385 2202 3476 potrai
2264 3384 2638 3474 chiosarm,
2692 3381 2897 3474 idest,

555 3501 932 3579 declarare
979 3504 1159 3599 aliis,
1205 3504 1378 3598 quia
1428 3524 1602 3578 cum
1654 3509 1982 3579 tremore
2031 3509 2105 3580 et
2156 3501 2439 3597 pudore
2489 3501 2719 3576 disces
2771 3524 2895 3577 ro-

553 3643 734 3720 gare
783 3623 986 3718 alim,
1038 3629 1112 3699 et
1163 3624 1330 3700 facit
1381 3623 1896 3719 parenthesim.

679 3883 732 3946 (¹)
765 3883 826 3934 E·
858 3883 1226 3970 humililutem.
1757 3883 1810 3944 (¹)
1841 3883 1894 3934 S.
1926 3883 2072 3948 quasi
2104 3882 2255 3940 dicat,
2288 3880 2447 3946 quod.

821 5163 899 5206 111.
2566 5155 2618 5198 21
