4392 6850
1453 927 1598 995 222
2184 938 2594 994 con-mrum
2642 938 3081 994 renunculi

1455 1105 1626 1160 nem
1670 1085 2046 1180 Justorum
2099 1084 2367 1159 factam
2420 1083 2514 1158 ad
2563 1084 2827 1178 Deum,
2870 1089 3073 1159 certe
3114 1080 3419 1157 faciliter
3468 1079 3797 1177 intelligit

1409 1193 1910 1305 uaequentem,
1965 1205 2040 1279 in
2103 1225 2251 1300 qua
2319 1205 2726 1280 ostenditur
2802 1204 3107 1280 effectus
3175 1202 3523 1277 orationis
3580 1203 3797 1298 ju'stae

1453 1325 1838 1421 exauditae,
1892 1327 2065 1421 quia
2129 1326 2399 1401 scilicet
2468 1325 2710 1400 statim
2783 1325 3090 1398 missum
3153 1329 3264 1398 est
3324 1322 3685 1397 auxilium
3752 1341 3796 1396 a

1453 1446 1644 1520 coelo
1694 1452 1949 1521 contra
2004 1445 2520 1540 tentationem3
2558 1453 2633 1520 et
2684 1445 2846 1521 ideo
2882 1446 3123 1520 statim
3160 1444 3361 1539 ponit
3392 1442 3795 1539 dispositio-

1455 1587 1626 1642 nem
1679 1567 2096 1640 animarum
2152 1566 2695 1662 expectantium
2744 1585 3181 1641 succursum
3216 1586 3260 1639 a
3296 1565 3474 1658 Deo,
3510 1563 3793 1639 dicens:

1453 1689 1526 1760 io
1577 1690 1721 1761 vidi
1769 1691 1992 1780 quello
2041 1691 2328 1761 eser-dte
2368 1689 2641 1779 pentile,
2680 1685 2885 1781 idest,
2922 1685 3083 1760 illos
3117 1684 3409 1781 spiritus
3460 1684 3793 1780 illustreS,

1457 1807 1587 1902 qui
1634 1807 1940 1882 suerunt
1988 1807 2162 1882 olim
2216 1805 2696 1881 strenuissimi
2738 1825 3149 1900 armorum,
3186 1811 3261 1880 et
3298 1789 3629 1880 armatos
3664 1804 3797 1904 du-

1463 1935 1732 2004 xerunt
1763 1928 2154 2024 exercitus
2183 1933 2257 2002 et
2283 1927 2661 2002 moraliter
2695 1932 2867 2000 sunt
2902 1926 2977 2001 in
3012 1925 3359 2000 continuo
3393 1925 3794 2001 certamine

1459 2055 1716 2124 contra
1765 2048 1980 2142 vitia3
2029 2047 2190 2122 ideo
2226 2047 2645 2143 suppliciter
2679 2047 3070 2141 implorant
3104 2045 3423 2121 divinam
3458 2045 3795 2143 gratiam,

1461 2178 1538 2246 et
1583 2178 1867 2268 ponunt
1916 2191 2119 2266 spem
2173 2171 2248 2245 in
2300 2191 2411 2266 ea,
2463 2171 2681 2248 tacite
2732 2170 2923 2246 facto
2974 2171 3117 2246 fine
3166 2171 3503 2264 orationi,
3556 2173 3801 2263 pescia

1459 2294 1857 2384 ripuar-dar
1916 2297 1987 2365 in
2057 2313 2203 2385 sue,
2272 2292 2365 2366 ad
2432 2292 2705 2367 coelum
2785 2291 2901 2366 vel
2976 2293 3069 2366 ad
3144 2293 3439 2366 culmen
3518 2291 3801 2386 montiS,

1463 2415 1666 2503 quasi
1723 2417 2157 2506 aspelcandO,
2212 2413 2385 2507 quia
2452 2413 2749 2488 indubie
2810 2413 3200 2508 sperabant
3268 2434 3481 2488 suam
3534 2412 3803 2488 oratio-

1467 2552 1636 2608 nem
1691 2553 1852 2608 esse
1903 2535 2347 2630 exauditam,
2384 2537 2686 2628 pallido,
2738 2553 2871 2629 per
2928 2533 3413 2628 affectionem,
3464 2541 3531 2608 et
3576 2536 3802 2627 umile,

1463 2672 1598 2748 per
1631 2653 2092 2728 devotionem
2131 2661 2208 2731 et
2240 2653 2789 2730 subiectionem.
2826 2655 2915 2728 Et
2950 2653 3067 2727 hic
3097 2659 3293 2748 nota,
3322 2653 3574 2748 lector,
3610 2653 3804 2747 quod

1471 2772 1648 2847 illud
1700 2774 1899 2869 quod
1955 2775 2227 2850 Dantes
2278 2774 2395 2849 bic
2460 2773 2667 2871 fingit
2738 2774 3099 2849 subtiliter
3148 2774 3239 2848 de
3304 2773 3455 2847 istis
3512 2774 3805 2871 regibus

1469 2899 1544 2968 et
1595 2894 2037 2989 principibus
2087 2894 2215 2990 qui
2275 2894 2661 2968 humiliant
2710 2913 2792 2968 se
2840 2893 3015 2988 Deo,
3078 2900 3155 2968 et
3202 2893 3528 2968 obtinent
3576 2895 3807 2969 subsi-

1467 3015 1696 3110 dium,
1749 3015 2008 3091 accidit
2063 3015 2158 3090 de
2216 3015 2407 3090 facto
2458 3015 2865 3090 secundum
2933 3015 3351 3090 historicam
3421 3014 3801 3091 veritatem

1467 3138 1542 3212 in
1582 3137 1983 3212 Theodosio
2033 3137 2481 3232 imperatore
2532 3157 3013 3212 romanorum
3068 3135 3582 3211 valentissimo.
3624 3137 3805 3211 Nam

1467 3281 1641 3336 cum
1677 3265 1973 3356 gereret
2013 3258 2289 3333 bellum
2342 3263 2597 3332 contra
2638 3257 2883 3332 hostes
2916 3256 3413 3332 infestissimos
3449 3257 3521 3331 in
3554 3257 3805 3350 Gallia,

1467 3379 1844 3457 humiliter
1903 3399 2305 3455 conversus
2366 3378 2457 3454 ad
2518 3398 2774 3475 preces
2832 3379 3143 3454 obtinuit
3211 3379 3409 3474 quod
3469 3379 3615 3455 tela
3678 3379 3813 3453 ho-

1468 3503 1690 3577 stium
1743 3507 2355 3596 retorquerentur
2404 3500 2479 3573 in
2542 3499 2733 3595 ipsos
2794 3500 3185 3594 mittenteS,
3250 3500 3452 3574 unde
3508 3498 3813 3575 faciliter

1469 3622 1724 3698 habuit
1774 3626 2096 3715 optatam
2148 3620 2563 3715 victoriam,
2618 3628 2699 3693 ut
2759 3621 3006 3695 scribit
3053 3620 3505 3718 Augustinus
3552 3621 3647 3695 de
3696 3620 3815 3696 Ci-

1469 3742 1696 3819 vitate
1743 3741 1898 3836 Dei,
1949 3747 2024 3815 et
2073 3740 2444 3834 HorosiuS,
2480 3740 2695 3813 cuius
2744 3741 2852 3815 rei
2882 3741 3363 3827 ,miraculosae
3399 3741 3565 3816 fecit
3602 3762 3810 3815 men-

1471 3862 1744 3937 tionem
1797 3860 2239 3947 Claudianus
2291 3866 2503 3955 poeta
2574 3880 2903 3957 paganus
2962 3869 3490 3937 conterraneus
3538 3861 3812 3956 DantiS,

1471 3982 1600 4077 qui
1649 3981 2067 4078 gratulatur
2100 3980 2503 4055 Theodosio
2554 4001 2777 4075 super
2800 3983 2948 4056 -hac
2992 3981 3308 4079 gloriosa
3345 3982 3669 4076 victoria,
3706 3983 3817 4057 di-

1473 4122 1691 4178 cens:
1755 4105 1816 4175 0
1863 4104 2151 4175 nimium
2218 4102 2453 4174 dilecte
2501 4104 2651 4173 Deo
2716 4104 2827 4175 cui
2884 4104 3071 4194 fudit
3130 4102 3221 4174 ab
3286 4106 3512 4176 antris
3559 4105 3813 4177 AEolia’s

1473 4228 1794 4295 armatas
1823 4213 1896 4314 (¹)
1947 4222 2243 4312 hyemes,
2294 4222 2406 4294 cui
2454 4223 2701 4294 militat
2746 4222 2985 4313 aetlaer,
3020 4226 3111 4295 Ec
3149 4202 3499 4296 coniurati
3536 4226 3817 4297 veniunt

1473 4344 1575 4415 ad
1620 4344 1914 4416 classica
1964 4344 2145 4414 venti
2195 4344 2330 4414 etc.
2384 4340 2489 4415 De
2540 4359 2689 4434 quo
2722 4340 3153 4416 Ambrosius
3197 4341 3363 4417 i'acit
3412 4343 3811 4418 maximam

1473 4462 2209 4539 commendationem.
2238 4500 2337 4515 —-
2360 4466 2427 4533 E
2472 4465 2633 4535 vidi.
2670 4462 2799 4537 Hic
2846 4470 3065 4559 poeta
3116 4463 3457 4538 describit
3506 4485 3815 4539 succur-

1476 4602 1642 4661 sum
1695 4583 2002 4678 petitum
2067 4582 2371 4656 missum
2424 4602 2471 4657 a
2520 4582 2701 4679 Deo,
2750 4584 3021 4661 scilicet
3079 4583 3265 4659 duos
3332 4585 3632 4681 angelos
3694 4606 3819 4659 ar·

1477 4709 1714 4778 matos
1765 4702 2138 4778 venientes
2185 4702 2281 4777 ad
2340 4702 2837 4779 defensionem
2898 4724 3159 4779 eorum
3228 4714 3482 4780 contra
3542 4705 3816 4780 durum

1363 4861 1376 4877 ·
1477 4822 1982 4899 adversarium
2037 4830 2111 4899 et
2159 4830 2572 4920 potentem3
2616 4824 2811 4901 unde
2860 4826 3071 4901 dicit:
3106 4832 3173 4899 E
3216 4830 3361 4901 vidi
3405 4830 3539 4901 due
3587 4831 3823 4921 anyeli

1606 5076 1660 5137 ρ)
1691 5076 1754 5125 Β.
1785 5082 2018 5127 matus
2047 5078 2223 5143 aym
2250 5080 2351 5129 ωε.
2432 5057 2437 5061 ’
