4392 6850
1227 985 1506 1042 cm‘rus
1554 987 1868 1044 DECIMUS
1916 988 2252 1055 QUINTUS.
2759 982 2903 1049 419

563 1131 874 1208 milliare
923 1151 1098 1207 cum
1148 1132 1466 1228 dimidio,
1521 1134 1694 1228 quia
1759 1135 1971 1211 leuca
2021 1136 2515 1212 communiter
2578 1137 2902 1215 continet

559 1252 696 1326 tria
748 1251 1106 1348 milliaria,
1159 1257 1456 1328 velando
1502 1257 1605 1346 ρὰ·
1652 1258 1865 1348 occhi,
1918 1276 2105 1350 quos
2165 1278 2313 1331 non
2376 1265 2581 1352 potes
2647 1266 2903 1336 tenere

561 1373 934 1469 *apertos,
959 1395 998 1446 e
1031 1394 1164 1447 con
1189 1377 1252 1448 le
1273 1375 1524 1466 yambe
1556 1379 1854 1467 avvolte,
1882 1397 2050 1472 quae
2077 1398 2227 1452 non
2254 1385 2461 1474 potes
2493 1373 2899 1474 tenere*(¹)

561 1501 800 1588 recta3
868 1499 943 1569 et
1003 1494 1206 1569 dicit:
1259 1516 1307 1568 a
1353 1498 1560 1586 φάεα
1607 1499 1684 1569 di
1729 1500 1845 1570 cui
1893 1500 2056 1571 vino
2105 1520 2150 1570 o
2202 1519 2427 1572 sonno
2475 1502 2719 1592 pieya,
2770 1501 2899 1594 qui

562 1635 707 1690 non
757 1615 950 1690 valet
999 1635 1081 1690 se
1131 1615 1560 1692 substinere.
1599 1617 1688 1690 Et
1737 1617 1938 1712 ponit
1964 1608 2040 1709 (²)
2081 1617 2631 1712 responsionem
2684 1641 2899 1696 suam

561 1734 652 1810 ad
702 1735 1110 1830 Virgilium,
1161 1735 1444 1810 dicens:
1497 1738 1790 1810 diss’io:
1840 1757 1886 1808 ο
1948 1740 2166 1812 dolce.
2193 1741 2427 1830 padre
2484 1742 2649 1832 mic,
2700 1762 2775 1814 se
2832 1749 2903 1814 tu

563 1857 651 1927 m'
677 1856 958 1945 ascolte,
989 1857 1062 1927 io
1112 1858 1164 1928 ti
1209 1849 1372 1929 diro
1419 1847 1530 1930 οἱὸ
1577 1859 1698 1930 che
1745 1859 1837 1930 m'
1863 1877 2208 1950 apparve,
2242 1857 2317 1932 in
2348 1857 2628 1934 visione
2672 1881 2899 1955 quam

562 1973 718 2068 feci,
772 1976 1056 2066 quando
1107 1977 1170 2048 le
1213 1976 1466 2066 yambe
1513 1979 1610 2049 mi
1651 1980 1892 2070 staron*
1925 1969 1987 2050 si
2025 1980 2231 2070 rom,
2282 1977 2471 2052 sicut
2528 1985 2610 2052 tu
2675 1979 2901 2073 vides,
3021 1990 3029 2000 '

560 2095 738 2192 quia·
781 2095 990 2170 amisi
1025 2115 1286 2171 omnes
1317 2095 1512 2171 vires
1545 2096 1872 2192 corporis
1908 2117 2000 2172 ex
2037 2117 2305 2193 magna
2346 2099 2903 2193 perturbatione

558 2217 803 2292 animi.
827 2213 834 2218 ’
857 2217 947 2291 Et
995 2216 1111 2290 hic
1159 2222 1332 2290 nota
1384 2216 1583 2312 quod
1633 2223 1846 2312 poeta
1897 2223 2150 2292 noster
2203 2218 2565 2294 subtiliter
2624 2219 2795 2296 fecit
2824 2210 2899 2314 (³)

558 2335 769 2410 istam
824 2334 1190 2410 fictionem
1220 2357 1254 2408 ε·
1295 2335 1502 2434 fingit
1549 2337 1746 2411 enim
1797 2357 1879 2412 se
1929 2337 2028 2412 ita
2080 2337 2356 2412 sessum
2398 2345 2473 2414 et
2516 2339 2901 2437 fatigatum

559 2455 689 2530 ista
742 2455 1044 2550 visione,
1095 2476 1244 2550 qua
1308 2456 1620 2532 debebat
1679 2457 1917 2552 potius
1976 2477 2138 2532 esse
2201 2459 2579 2555 vigoratus
2642 2468 2902 2536 contra

557 2575 912 2669 impetum
963 2576 1118 2670 irae,
1173 2582 1259 2649 ut
1305 2597 1438 2670 per
1489 2579 1628 2651 hoc
1676 2577 1800 2653 det
1829 2565 1902 2670 (ὅ)
1955 2577 2280 2673 intelligi,
2324 2578 2525 2672 quod
2568 2579 2677 2653 ira
2716 2601 2903 2675 -quoe

559 2703 668 2770 est
703 2695 1066 2791 appetitus
1099 2695 1456 2790 vindictae,
1491 2705 1602 2772 est
1633 2697 1735 2772 ita
1769 2698 2122 2772 naturalis
2165 2699 2468 2793 homini,
2510 2700 2708 2796 quod
2750 2703 2899 2776 Ho-

561 2836 812 2891 merus
861 2816 1062 2910 dixit,
1115 2815 1314 2912 quod
1362 2816 1472 2892 ira
1523 2828 1634 2894 est
1682 2817 1964 2892 dulcior
2015 2817 2234 2892 melle
2281 2817 2690 2894 distillante.
2741 2821 2901 2896 Du*

559 2936 929 3011 rissimum
983 2957 1168 3034 ergo
1202 2937 1589 3014 videbatur
1627 2937 1760 3012 sibi
1795 2937 2146 3033 quidquid
2181 2937 2462 3012 viderat
2498 2939 2570 3012 in
2606 2937 2899 3016 fictione

557 3057 701 3154 illa,
767 3058 1060 3152 scilicet,
1127 3057 1325 3153 quod
1390 3058 1692 3132 deberet
1753 3078 1963 3133 more
2024 3057 2271 3134 Mariae
2330 3077 2413 3132 se
2468 3060 2745 3136 habere
2802 3059 2900 3136 ad

558 3177 814 3272 fllium,
867 3175 1162 3271 quando
1212 3185 1402 3252 esset
1452 3183 1891 3272 provocatus
1953 3177 2045 3252 ad
2107 3177 2333 3272 iram3
2386 3185 2461 3254 et
2520 3178 2720 3272 quod
2767 3179 2901 3254 de-

556 3298 767 3373 beret
807 3316 1022 3372 more
1059 3295 1406 3374 Pisistrati
1443 3297 1820 3372 remittere
1859 3295 2203 3372 iniuriam
2240 3296 2507 3372 factam
2558 3298 2635 3372 in
2676 3296 2898 3374 filiam

555 3441 808 3514 suam3
859 3425 934 3493 et
982 3417 1182 3513 quod
1230 3438 1443 3493 more
1491 3415 1834 3513 Stephani
1867 3416 2170 3493 deberet
2212 3438 2519 3514 parcere
2561 3418 2903 3495 dantibus

553 3540 688 3615 sibi
739 3540 1105 3614 innocenti
1157 3545 1501 3632 mortem,
1551 3538 1724 3632 quia
1776 3538 2190 3633 increparet
2240 3538 2399 3613 illos
2422 3539 2646 3633 Juste.
2682 3541 2905 3616 Certe

553 3658 942 3734 videbatur
991 3658 1126 3733 sibi
1173 3658 1532 3733 difficilius
1567 3676 1874 3753 parcere
1913 3656 2331 3751 offendenti,
2368 3678 2594 3752 quam
2638 3680 2904 3754 super-

555 3780 688 3855 bos
735 3779 1130 3874 humiliari,
1179 3784 1256 3853 et
1303 3778 1548 3853 invido
1607 3777 1964 3853 misereri.
2033 3778 2192 3873 Ipse
2252 3778 2447 3852 enim
2508 3778 2903 3873 aliquando

555 3900 1006 3995 appetiverat
1056 3898 1471 3991 vindictam,
1524 3896 1723 3992 quod
1771 3895 2100 3971 maxime
2160 3896 2437 3971 faciunt
2495 3898 2901 3994 florentini3

557 4028 632 4097 et
681 4040 862 4095 vere
911 4021 1010 4095 ita
1060 4018 1352 4095 videtur
1400 4016 1690 4093 difficile
1741 4016 2018 4091 homini
2075 4036 2403 4113 parcere,
2434 4017 2634 4110 quod
2686 4018 2900 4093 multi

558 4141 928 4215 constituti
977 4140 1053 4215 in
1101 4139 1411 4214 articulo
1461 4138 1739 4232 mortiS,
1775 4157 1950 4212 cum
2001 4136 2077 4210 in
2120 4136 2403 4213 caeteris
2438 4146 2679 4213 essent
2712 4138 2905 4214 bene

559 4260 902 4357 dispositi,
953 4261 1150 4335 nulla
1201 4258 1488 4335 ratione
1533 4258 1653 4333 vel
1701 4258 2176 4354 persuasione
2235 4264 2637 4352 potuerunt
2694 4258 2902 4333 incli-

561 4382 721 4458 nari
771 4382 864 4458 ad
916 4380 1390 4478 parcendum.
1434 4378 1551 4453 Sic
1603 4398 1786 4474 ergo
1824 4378 1990 4453 vide
2025 4377 2224 4472 quod
2263 4378 2457 4453 istud
2496 4378 2897 4474 capitulum

563 4510 672 4578 est
719 4503 933 4578 valde
981 4500 1245 4576 subtile
1301 4500 1378 4574 in
1434 4498 1686 4573 multis
1752 4498 2081 4594 passibus
2145 4498 2317 4572 suis,
2348 4538 2447 4557 --
2472 4503 2564 4572 Et
2620 4501 2701 4573 ei.
2772 4497 2902 4573 Hic

564 4629 776 4717 poeta
809 4621 1013 4717 ponit
1049 4618 1592 4715 responsionem
1629 4618 1902 4715 Virgilii
1935 4618 2028 4693 ad
2069 4638 2174 4713 se,
2209 4618 2337 4711 qui
2372 4618 2541 4693 dicit
2576 4638 2656 4693 se
2688 4638 2903 4693 nosse

564 4741 946 4817 intrinseca
995 4746 1282 4817 secreta
1331 4738 1570 4815 cordis
1619 4737 1800 4812 eius,
1838 4737 2024 4812 Dicit
2072 4758 2289 4836 ergo:
2345 4744 2437 4811 Et
2478 4741 2567 4830 ei,
2616 4740 2898 4835 supple,

705 4968 742 5030 ¹)
771 4970 846 5021 Le
876 4968 1056 5033 parole
1085 4968 1168 5021 tra
1199 4970 1218 5021 l
1249 4969 1352 5021 due
1384 4968 1651 5021 asterincbi
1683 4982 1810 5021 sono
1841 4968 1979 5033 degli
2011 4968 2130 5019 altri
2159 4964 2351 5021 codici.

726 5049 742 5107 )

684 4974 726 5109 ξ’
775 5047 836 5097 E.
871 5047 940 5097 Bt
970 5048 1116 5110 ponit
1145 5047 1398 5098 rationem
1431 5060 1593 5097 suam.
1909 5045 1963 5110 (⁸)
1998 5050 2106 5108 1¹⁷,
2140 5046 2281 5098 facit.

685 5122 742 5188 (⁸)
772 5124 834 5175 E.
865 5124 1020 5175 detur
1049 5124 1285 5189 intelligi.
2117 5144 2122 5149 ·
