4392 6850
1391 979 1667 1036 camus
1715 981 2058 1039 ocnvus.
2754 971 2897 1040 223

555 1131 742 1202 uscir
803 1130 961 1202 dell'
987 1129 1158 1218 alm,
1220 1127 1517 1221 scilicet,
1569 1127 1781 1223 coelo,
1834 1151 1872 1202 e
1917 1131 2209 1202 scender-
2254 1131 2439 1222 yiue,
2490 1128 2757 1204 scilicet
2808 1129 2903 1203 ad

557 1253 860 1344 terram,
913 1269 1140 1343 supra
1192 1248 1484 1323 vallem.
1537 1248 1678 1322 Per
1743 1250 1876 1322 bos
1935 1249 2124 1346 duos
2183 1249 2487 1345 angelos
2548 1249 2807 1323 missos
2856 1269 2903 1324 a

557 1369 708 1444 Deo
769 1369 1090 1466 intellige
1156 1369 1342 1443 duos
1410 1369 1706 1444 nuntios
1768 1369 1900 1444 Dei
1967 1375 2449 1465 protectores·
2481 1371 2903 1447 animarum

559 1495 932 1586 portantes
956 1489 1316 1586 justitiam
1354 1496 1429 1564 et
1462 1489 2074 1585 misericordiam3
2110 1511 2281 1585 quae
2313 1491 2464 1565 duo
2496 1492 2692 1569 Deus
2725 1515 2905 1589 ope-

561 1617 770 1684 ratur
803 1609 997 1686 circa
1033 1609 1466 1705 poenitentes
1500 1610 1574 1682 in
1611 1610 2060 1706 purgatorio,
2087 1610 2276 1686 sicut
2309 1619 2662 1707 expresse·
2684 1621 2906 1690 autor

455 1763 460 1766 ·
559 1729 792 1826 tangit
841 1731 914 1802 in
964 1731 1214 1825 aliquo
1263 1737 1475 1804 textu
1507 1730 1950 1827 purgatorii3
1987 1731 2150 1804 ideo
2182 1731 2309 1805 dat
2342 1724 2693 1808 eis⁴arma
2725 1755 2906 1810 con-

561 1851 948 1944 venientia,
983 1851 1270 1926 dicens:
1322 1871 1452 1924 con
1504 1852 1637 1925 due
1683 1855 1903 1944 spade
1933 1856 2257 1944 offocate,
2292 1852 2497 1948 idest,
2538 1854 2777 1950 ignitis
2828 1863 2907 1930 et

561 1970 852 2066 rubeis;
905 1991 1076 2046 nam
1129 1971 1318 2046 ensis
1371 1971 1640 2067 figurat
1680 1971 2037 2067 justitiam
2090 1993 2261 2067 quae
2312 1975 2513 2068 juste
2562 1975 2728 2049 serit
2776 1976 2907 2050 de-

559 2092 1050 2186 linquentem3
1117 2098 1192 2166 et
1239 2091 1456 2167 dicit:
1512 2095 1794 2166 tronclze
1841 2115 1880 2166 e
1919 2092 2200 2186 'pn’vate
2258 2093 2431 2168 delle
2471 2103 2687 2188 pmice
2745 2117 2907 2170 sue.-

559 2231 698 2308 per
747 2213 884 2287 boc
945 2212 1176 2310 tangit
1237 2212 1812 2287 misericordiam
1876 2233 2045 2308 quae
2109 2220 2619 2310 contemperat
2676 2216 2903 2312 ipsam

551 2333 908 2428 justitiam
961 2332 1037 2407 in
1086 2333 1348 2408 eodem
1401 2353 1714 2428 corpore
1763 2333 1976 2428 ensiS,
2013 2334 2187 2429 quia
2230 2335 2511 2430 justitia
2565 2344 2639 2410 et
2691 2338 2911 2412 mise-

563 2453 874 2529 ricordia
927 2461 1098 2528 sunt
1131 2454 1349 2529 simul
1375 2445 1450 2547 (⁴)
1493 2453 1716 2528 unitae
1751 2453 1822 2528 in
1859 2445 2036 2530 Deoss
2069 2456 2159 2529 Et
2200 2455 2432 2553 tangit
2472 2457 2909 2532 vestimenta

561 2575 1000 2670 angelorum
1051 2594 1186 2669 per
1234 2573 1858 2670 comparationem
1923 2595 2293 2650 novorum
2363 2576 2731 2671 foliorum,
2798 2577 2911 2652 di·

565 2715 782 2770 cens:
833 2702 910 2768 et
958 2693 1057 2768 illi
1121 2693 1384 2791 angeli,
1436 2714 1661 2767 erano
1731 2696 1928 2768 verdi
1985 2698 2061 2768 in
2121 2703 2300 2769 veste
2364 2717 2555 2770 come
2607 2701 2913 2792 scyticae

559 2836 698 2908 pur
749 2835 864 2888 mo
914 2823 1124 2909 nate;
1176 2821 1251 2889 et
1299 2821 1412 2890 est
1459 2815 1752 2910 propria
1788 2817 2239 2910 comparatio
2285 2818 2379 2893 de
2410 2817 2771 2894 viriditate
2804 2819 2906 2894 .ad

569 2934 1026 3030 viriditatem,
1079 2940 1154 3008 et
1201 2935 1294 3010 de
1345 2954 1535 3009 nova
1587 2935 2038 3030 apparitione
2084 2936 2178 3010 ad
2227 2958 2494 3011 novam
2532 2939 2906 3014 nationem

567 3055 824 3130 folioru
838 3075 934 3148 m,
985 3057 1130 3144 che,
1167 3053 1372 3148 idest,
1408 3075 1594 3148 quas
1628 3061 1890 3149 vestes,
1934 3077 2263 3148 percosse
2294 3058 2393 3131 da
2434 3061 2633 3132 verde·
2657 3080 2913 3151 penne,

569 3175 772 3269 idest,
799 3175 895 3249 ab
929 3175 1082 3270 aliS‚
1109 3181 1434 3266 traevan,
1460 3172 1666 3269 idest,
1694 3175 2102 3270 portabant,
2138 3179 2363 3250 dietro
2398 3198 2435 3250 e
2468 3181 2784 3253 ventilare
2808 3169 2911 3273 (²),

567 3294 770 3390 idest,
822 3293 1146 3369 vibratae.
1199 3295 1288 3368 Et
1336 3314 1471 3390 per
1519 3293 1734 3369 istam
1791 3301 2066 3369 tantam
2128 3295 2532 3370 viredinem
2594 3297 2917 3394 intellige

569 3438 916 3513 magnam
986 3436 1192 3511 spem
1237 3417 1486 3512 'quam
1552 3423 1846 3513 portant
1910 3424 1986 3491 et
2044 3415 2222 3492 dant
2287 3417 2403 3491 isti
2470 3418 2713 3515 angeli
2764 3419 2917 3493 istis

567 3536 669 3612 sic
729 3556 810 3611 se
867 3536 1438 3632 humiliantibuS,
1490 3542 1599 3612 et·
1631 3536 2176 3632 disponentibus
2240 3538 2333 3613 ad
2390 3539 2734 3634 gratiam,
2788 3538 2919 3635 qui

569 3662 866 3753 sperant
913 3656 990 3729 in
1039 3656 1282 3732 divina
1322 3658 1606 3753 ,iustitia
1655 3662 1731 3733 et
1781 3657 2305 3753 misericordia,
2358 3658 2432 3732 in
2482 3658 2751 3753 quibus
2790 3660 2921 3735 de-

571 3778 696 3853 bet
739 3778 910 3873 'spes
959 3776 1428 3853 redeuntium
1479 3777 1574 3852 ad
1630 3778 1869 3853 Deum
1933 3798 2227 3873 semper
2285 3778 2671 3854 virere.-—
2698 3784 2915 3853 L’un.

573 3899 700 3973 Hic
750 3904 968 3993 poeta
1017 3897 1358 3974 describit
1407 3904 1656 3973 actum
1727 3898 2035 3973 istorum
2104 3900 2569 3997 angelornm,
2621 3901 2869 3977 dicens
2898 3894 2927 3973 ε’

575 4022 649 4091 L'
673 4040 796 4104 un,
849 4018 1141 4113 scilicet,
1191 4020 1521 4116 angelus,
1573 4040 1696 4092 sen
1745 4041 1987 4111 venne,
2021 4020 2315 4116 scilicet,
2362 4041 2457 4095 ex
2510 4043 2655 4096 una
2706 4029 2919 4118 parte

575 4137 804 4231 vallis,
855 4159 906 4210 a
967 4146 1124 4212 star
1164 4159 1345 4231 poco
1391 4160 1614 4212 sovra
1660 4143 1806 4231 noi,
1859 4140 1986 4233 qui
2039 4160 2341 4223 eramus
2390 4141 2466 4215 in
2516 4142 2709 4219 dicto
2759 4143 2921 4218 bal-

577 4258 710 4353 cio,
762 4281 801 4332 e
851 4262 896 4333 l'
914 4261 1128 4351 altra,
1163 4260 1432 4338 scilicet
1481 4262 1810 4357 angelus,
1846 4282 2032 4335 scese
2079 4265 2153 4335 in
2194 4265 2241 4335 l'
2266 4265 2585 4355 opposita
2615 4267 2917 4357 sponda,

576 4378 872 4474 scilicet,
925 4400 1019 4455 ex
1069 4379 1300 4455 altera
1349 4386 1560 4475 parte
1609 4380 1836 4476 valliS,
1891 4401 1988 4455 ne
2037 4402 2130 4457 ex
2190 4382 2436 4477 aliqua
2486 4390 2697 4479 parte
2746 4384 2923 4459 sub-

580 4497 886 4575 intraret
935 4500 1264 4595 offensio,
1315 4492 1376 4573 si
1421 4501 1543 4575 che
1592 4504 1666 4575 Ia
1711 4509 1934 4594 yeme,
1985 4502 2193 4598 idest,
2242 4504 2521 4579 nobiles
2570 4504 2669 4578 illi
2718 4506 2925 4602 prin-

583 4618 796 4715 cipes,
844 4624 924 4692 in
969 4640 1212 4693 mezzo
1261 4622 1327 4693 si
1372 4629 1743 4695 contemw:
1800 4628 1876 4698 et
1923 4622 2026 4697 sic
2072 4622 2285 4719 positi
2336 4624 2526 4699 inter
2572 4625 2761 4701 duos
2811 4626 2926 4701 vi-

585 4738 763 4835 giles
812 4739 1148 4815 custodes
1199 4748 1410 4815 erant
1474 4742 1634 4835 tuti,
1685 4748 1758 4816 et
1821 4742 2012 4817 bene
2077 4744 2467 4838 sperabant
2529 4743 2623 4819 de
2682 4747 2924 4823 salute

585 4864 837 4933 contra
887 4860 1135 4934 omnia
1187 4859 1744 4957 impedimenta3
1797 4863 1912 4937 vel
1966 4862 2068 4937 sic
2117 4882 2299 4960 gens
2358 4866 2764 4961 purgatorii
2816 4874 2929 4943 est

711 5111 768 5175 (¹)
798 5110 850 5161 S.
881 5124 912 5161 o
943 5112 1007 5163 Β.
1037 5113 1196 5164 simul
1217 5114 1416 5179 Junctae
1443 5115 1499 5165 in
1529 5114 1659 5167 Deo.
1907 5115 1962 5180 (⁸)
1993 5117 2056 5169 E.
2087 5132 2126 5169 α
2154 5118 2417 5177 venulam,
2450 5117 2582 5169 {dost
2614 5118 2833 5171 viltrum.
