4392 6850
1408 899 1500 986 78
2123 927 2533 990 commun
2580 933 3021 990 runouomr

1399 1074 1549 1144 scia
1597 1094 1646 1145 a
1694 1076 1810 1148 voi
1855 1076 1994 1146 Dio
2044 1076 2410 1168 manifesto
2421 1104 2450 1170 ,·
2500 1077 2593 1152 ad
2645 1099 2869 1173 quem
2916 1080 3065 1155 itur
3105 1101 3239 1176 per
3278 1081 3499 1155 istum
3538 1101 3757 1157 mon-

1401 1197 1552 1266 tem
1593 1193 1846 1267 altum.
1885 1194 1973 1267 Et
2007 1193 2122 1268 hic
2155 1195 2459 1272 adverte
2492 1199 2683 1274 hene
2718 1208 2995 1294 quanta
3028 1209 3192 1277 arte
3234 1209 3449 1296 poeta
3500 1211 3753 1278 noster

1401 1312 1632 1388 utitur
1667 1314 1804 1409 bic,
1833 1315 1962 1408 qui
1995 1316 2236 1411 primo
2268 1321 2512 1414 posuit
2543 1341 2757 1396 suam
2792 1322 3351 1398 delectationem
3386 1323 3749 1417 omnium,

1398 1432 1658 1507 deinde
1713 1433 2130 1511 mordacem
2187 1437 2759 1534 increpationem
2806 1443 3117 1516 Catonis
3161 1442 3367 1518 Unde
3412 1444 3580 1518 volo
3631 1444 3750 1516 ul-

1399 1553 1630 1628 terius
1683 1561 1754 1628 te
1805 1560 2066 1631 notare
2107 1559 2305 1651 quod
2342 1580 2487 1634 non
2526 1562 2865 1638 obstante
2898 1562 3539 1640 commendatione
3578 1585 3751 1639 mu-

1399 1673 1568 1748 sicae
1603 1675 1813 1770 sacta,
1842 1683 2056 1770 poeta
2091 1678 2209 1752 hic
2242 1677 2461 1775 digne
2485 1681 3045 1776 reprehenditur
3068 1703 3117 1758 a
3144 1683 3454 1778 Catone3
3480 1684 3749 1779 primo,

1399 1794 1572 1888 quia
1623 1815 1772 1868 non
1822 1803 1984 1870 erat
2031 1797 2344 1892 amplius
2384 1801 2718 1896 juvenis3
2754 1803 3099 1897 secundo,
3144 1804 3317 1899 quia
3361 1804 3477 1879 hic
3525 1825 3744 1880 reno-

1400 1915 1622 1990 vabat
1687 1924 1986 1992 cantum
2053 1919 2148 1993 de
2216 1921 2527 1994 materia
2590 1941 2968 2017 amorosa,
3036 1943 3183 2018 qua
3252 1925 3427 1999 olim
3505 1924 3751 2000 suerat

1400 2036 1616 2110 nimis
1659 2037 2100 2133 inviscatus3
2139 2041 2377 2134 terti0,
2421 2041 2591 2134 quia
2636 2063 2833 2116 nunc
2874 2043 3213 2118 tendebat
3252 2044 3347 2118 ad
3390 2045 3751 2139 poeniten-

1399 2157 1602 2252 tiam,
1657 2157 1852 2234 unde
1904 2160 2165 2234 melius
2217 2169 2377 2235 erat
2428 2183 2627 2238 nunc
2666 2163 3018 2258 plorando
3052 2164 3145 2239 ad
3184 2165 3539 2260 gaudium
3576 2185 3747 2260 per-

1399 2279 1676 2373 venire,
1705 2301 1928 2373 quam
1968 2283 2331 2357 cantando
2352 2275 2423 2374 (¹)
2452 2285 2838 2378 pervenire
2863 2284 2954 2358 ad
2992 2286 3387 2379 planctum.
3415 2285 3523 2360 Ad
3549 2286 3750 2378 quod

1398 2400 1804 2474 notandum
1859 2401 2056 2494 quod
2107 2401 2297 2476 sicut
2348 2403 2627 2478 musica
2661 2405 2853 2480 bene
2893 2413 3176 2481 morata
3222 2414 3295 2480 et
3335 2413 3744 2501 temperata
3884 2497 3891 2505 .

1397 2520 1590 2615 parit
1639 2522 1953 2615 optimos
2005 2523 2335 2616 effectus,
2387 2524 2485 2598 ita
2536 2523 2595 2598 si
2646 2525 2735 2598 sit
2787 2525 3021 2598 mollis
3071 2533 3147 2599 et
3196 2526 3489 2620 lasciva,
3523 2527 3749 2622 pessi-

1399 2662 1586 2733 mOS,
1641 2641 1812 2734 quia
1867 2642 2152 2718 nullum
2218 2643 2607 2740 vestigium
2668 2645 3003 2738 sequitur
3062 2646 3481 2720 honestatis.
3541 2646 3747 2722 Unde

1398 2762 1603 2837 Plato
1653 2763 1780 2856 qui
1832 2762 1970 2836 ruit
2021 2785 2335 2861 magnus
2387 2764 2712 2840 musicus
2772 2765 3233 2861 praecipiebat
3285 2766 3481 2861 quod
3533 2766 3743 2862 pueri

1397 2902 1546 2956 non
1597 2883 2073 2958 erudirentur
2123 2884 2197 2958 in
2248 2886 2592 2959 omnibus
2642 2886 2875 2960 modis
2928 2887 3422 2982 musicalibuS,
3456 2907 3551 2960 ex
3593 2907 3743 2981 quo

1396 3002 1691 3078 volebat
1741 3005 1941 3098 quod
1991 3005 2272 3094 musica
2325 3011 2515 3082 esset
2564 3006 2868 3101 simplex
2921 3015 2995 3082 et
3049 3007 3397 3102 mascula,
3438 3007 3638 3101 quali
3668 2997 3743 3100 (²)

1395 3125 1572 3199 olim
1608 3125 1720 3198 usi
1762 3132 1933 3199 sunt
1985 3125 2483 3200 lacedaemonii
2518 3127 2591 3200 in
2634 3127 2939 3221 Graecia,
2974 3134 3047 3202 et
3085 3127 3370 3202 romani
3406 3127 3479 3200 in
3513 3127 3742 3220 Italia,

1393 3245 1486 3318 ad
1537 3246 1954 3320 alliciendos
2004 3245 2291 3320 animos
2333 3247 2699 3340 juvenum
2750 3247 2843 3321 ad
2888 3267 3219 3322 amorem
3266 3248 3637 3323 bellorum
3670 3255 3747 3321 et

1393 3365 1734 3441 laborum
1765 3390 1794 3461 3·
1841 3366 1968 3442 sed
2018 3387 2165 3441 non
2226 3366 2671 3441 effoeminata
2734 3387 2901 3460 quae
2960 3367 3237 3443 emollit
3299 3367 3740 3443 virilitatem.

1397 3488 1582 3563 Nam
1649 3494 1834 3563 teste
1897 3488 2299 3583 Gregorio:
2362 3510 2517 3563 cum
2576 3489 2839 3561 blanda
2896 3510 3043 3562 vox
3101 3492 3440 3580 quoeritur
3502 3490 3745 3563 sobria

1395 3611 1538 3683 vita
1605 3611 1966 3681 deseritur.
2030 3608 2201 3683 Ideo
2257 3607 2694 3683 Athanasius
2756 3609 2848 3683 ad
2912 3608 3281 3683 vitandam
3342 3609 3743 3684 vanitatem

1395 3749 1618 3801 usum
1669 3728 1976 3803 canendi
2026 3729 2101 3802 in
2150 3729 2471 3805 ecclesiis
2512 3729 2899 3805 interdixit.
2937 3730 3363 3803 Ambrosius
3414 3728 3507 3803 ad
3559 3728 3745 3803 invi·
3821 3783 3827 3790 .

1396 3848 1694 3925 tandam
1745 3848 2092 3943 pietatem
2145 3848 2511 3924 ordinavit
2560 3856 2645 3923 ut
2692 3856 3109 3925 caneretur.
3146 3849 3604 3945 Augustinus
3652 3848 3743 3923 de

1393 3957 1720 4064 utroque
1779 3968 2082 4064 dubitat,
2136 3976 2546 4064 utrumque
2604 3970 3055 4065 permittens,
3108 3977 3192 4043 ut
3248 3969 3499 4044 scribit
3558 3969 3743 4045 libro

1393 4091 1968 4167 confessionum.
2023 4092 2112 4164 Et
2163 4090 2463 4184 quidam
2518 4091 2631 4164 vir
2679 4092 2917 4165 bonus
2968 4097 3043 4165 et
3091 4090 3415 4186 prudens
3465 4089 3743 4163 habens

1393 4231 1654 4286 curam
1707 4211 1956 4307 magni
1995 4217 2405 4286 conventus
2456 4211 2911 4305 monialium,
2952 4211 3187 4287 vetuit
3236 4230 3332 4285 ne
3381 4208 3742 4284 cantando

1391 4330 1721 4405 divinum
1771 4331 2100 4406 officium
2134 4331 2616 4407 celebrarent.
2660 4332 2823 4425 Sed,
2860 4338 2945 4404 ut
2976 4331 3070 4406 de
3103 4330 3387 4405 caeteris
3429 4336 3742 4423 taceam,

1391 4452 1586 4526 Nero
1638 4453 2131 4545 mollissimuS‚
2167 4453 2296 4546 qui
2330 4452 2469 4526 fuit
2502 4452 2615 4526 vir
2648 4452 2983 4527 omnium
3026 4452 3423 4526 mulierum
3464 4458 3541 4525 et
3578 4471 3747 4523 mu·-

1393 4570 1526 4644 lier
1577 4572 1911 4647 omnium
1962 4573 2323 4665 virorum,
2372 4572 2589 4646 nimis
2638 4572 3147 4648 damnabiliter
3178 4571 3583 4649 delectatus
3634 4576 3745 4645 est

1387 4691 1593 4765 omni
1641 4712 1918 4787 genere
1969 4692 2453 4786 musicorum,
2488 4693 2739 4768 omnia
2774 4694 3061 4767 theatra
3094 4692 3396 4767 Graeciae
3431 4712 3743 4785 percur-

1391 4832 1586 4905 renS,
1639 4813 1764 4886 ubi
1828 4814 2002 4888 olim
2071 4813 2395 4888 studium
2465 4814 2769 4887 musicae
2838 4814 3161 4889 maxime
3228 4812 3485 4908 viguit,
3554 4811 3741 4887 adeo

1515 5000 1569 5060 (¹)
1600 4998 1660 5049 E.
1695 4954 1948 5051 cantando
1979 5001 2044 5051 ad
2076 5000 2344 5063 planctum
2374 5000 2646 5064 attingere.
2681 4998 2765 5049 Ad
2796 5000 2955 5063 quod.

1515 5070 1571 5133 (³)
1601 5073 1654 5125 S·
1687 5086 1790 5137 qua
1821 5075 1967 5127 olim.
