4392 6850
1549 975 1825 1030 CAN‘rus
1874 975 2196 1032 Tannus·
2952 965 3045 1032 87

703 1123 958 1200 suvius
987 1115 1088 1218 (¹),
1141 1119 1356 1196 hodie
1405 1141 1587 1196 vero
1636 1121 1861 1218 vulgo
1913 1126 2222 1197 vocatur
2264 1120 2615 1196 Summa:
2669 1121 2786 1196 hic
2837 1141 3051 1195 mons

706 1245 974 1340 hicepS,
1025 1243 1436 1338 imperante
1467 1241 1782 1336 Nerone,
1818 1242 2054 1316 factus
2085 1249 2196 1317 est
2230 1241 2518 1336 ardenS,
2553 1249 2629 1317 et
2653 1262 2783 1339 per
2818 1243 3052 1317 multa

707 1365 974 1441 saecula
1025 1365 1275 1462 ignem
1323 1361 1584 1437 emisit.
1635 1361 1746 1436 Ad
1795 1362 1993 1455 quod
2042 1363 2543 1457 spectaculum
2587 1362 2763 1439 olim
2802 1384 3051 1440 acces—

707 1485 800 1560 sit
850 1485 1119 1560 Plinius
1169 1483 1536 1560 secundus
1582 1469 2006 1558 veronensis
2043 1483 2281 1580 gratia
2320 1483 2607 1558 videndi
2652 1492 2726 1560 et
2776 1505 3051 1582 cogno-

709 1604 954 1682 scendi
1021 1625 1282 1680 causas
1342 1601 1678 1698 incendii,
1729 1602 1856 1694 sed
1919 1609 2139 1678 vento
2197 1602 2523 1679 cinerem
2588 1612 2664 1680 et
2728 1605 3047 1681 favillam

707 1724 1074 1803 excitante
1131 1745 1522 1820 oppressus
1580 1727 1738 1818 est3
1789 1723 2042 1818 sicque
2098 1722 2275 1797 illud
2342 1723 2609 1800 ardens
2674 1724 3049 1822 ingenium

707 1845 962 1920 vivum
997 1845 1368 1940 sepultum
1403 1850 1515 1918 est
1548 1843 1621 1916 in
1657 1843 2022 1918 cineribus
2056 1842 2213 1918 illis.
2250 1844 2367 1920 Sic
2401 1845 2737 1940 Neapolis
2770 1866 2865 1920 ex
2901 1867 3051 1920 una

713 1971 922 2072 parte
979 1964 1292 2040 custodit
1355 1962 1738 2060 Virgilium
1803 1969 2315 2058 mantuanum,
2378 1985 2469 2040 ex
2534 1964 2675 2039 alia
2738 1965 3049 2040 Plinium

712 2104 1221 2178 veronensem,
1271 2082 1518 2158 virum
1583 2081 1995 2179 multiplicis
2051 2083 2371 2159 scientiae
2438 2092 2515 2160 et
2574 2085 2849 2160 floridae
2898 2087 3053 2161 elo-

713 2204 1054 2300 quentiae.
1113 2204 1238 2278 Est
1291 2209 1544 2279 autem
1606 2203 1742 2280 iste
1803 2223 2014 2278 mons
2071 2203 2419 2280 mirabilis
2480 2205 2725 2280 fructu
2789 2206 3056 2279 multa-

711 2345 884 2398 rum
935 2344 1216 2420 rerum,
1267 2324 1396 2400 sed
1445 2322 1816 2420 praecipue
1869 2323 2205 2399 ubertate
2255 2324 2423 2418 vini,
2475 2324 2674 2418 quod
2723 2346 3053 2422 graecum

708 2444 1141 2541 appellatur,
1193 2443 1368 2538 quia
1418 2444 1538 2518 illa
1589 2463 1758 2538 pars
1809 2442 2030 2518 ltaliae
2080 2443 2255 2517 olim
2314 2465 2359 2518 a
2417 2444 2676 2540 graecis
2726 2465 3055 2540 possessa

709 2566 969 2662 Magna
1020 2563 1304 2640 Graecia
1353 2563 1776 2638 vocabatur.
1831 2563 1918 2636 Et
1981 2569 2151 2638 nota
2204 2564 2403 2658 quod
2456 2575 2603 2641 tota
2657 2565 2777 2640 illa
2828 2565 3058 2662 regio,

714 2705 886 2781 quae
933 2684 1149 2760 hodie
1199 2683 1463 2759 dicitur
1496 2684 1722 2759 Terra
1757 2683 2080 2778 Laboris,
2116 2684 2255 2758 fuit
2286 2685 2459 2759 olim
2522 2707 2691 2780 pars
2743 2687 3057 2780 Campa-

713 2808 855 2882 niae
904 2813 980 2881 et
1039 2812 1358 2900 utraque
1417 2805 1801 2900 appellatio
1862 2805 1955 2879 ab
2014 2805 2203 2880 urbe
2262 2804 2451 2880 facta
2502 2814 2612 2881 est
2660 2828 2707 2881 a
2756 2826 3059 2903 campo-

679 2917 887 3002 ‘rum
939 2925 1326 3020 fertilitate,
1379 2933 1454 3001 et
1504 2933 1876 3000 terrarum
1931 2927 2164 3021 cultu,
2204 2925 2552 3020 quoniam
2604 2948 2787 3024 ager
2835 2927 3058 3003 Cam-

713 3069 950 3144 panus
1012 3067 1164 3121 non
1229 3047 1466 3122 solum
1538 3047 2028 3143 pulcerrimus
2075 3046 2321 3140 Italiae,
2384 3047 2511 3122 sed
2573 3048 2795 3124 etiam
2858 3048 3058 3124 orbis

717 3176 1114 3263 terrarum,
1187 3173 1270 3242 ut
1331 3167 1432 3242 ait
1494 3165 1760 3240 Livius.
1831 3167 1984 3240 Hoc
2046 3165 2210 3240 ideo
2274 3165 2605 3242 diffusius
2682 3167 2907 3264 tetigi,
2976 3176 3062 3243 ut

715 3288 961 3364 videas
1011 3288 1211 3382 quod
1258 3292 1475 3383 poeta
1524 3286 1742 3383 digne
1776 3287 2026 3362 fecerit
2063 3287 2501 3362 memoriam
2537 3288 2631 3363 de
2666 3295 2864 3364 terra
2910 3289 3061 3364 fer-

716 3407 1064 3503 tilissima,
1118 3407 1192 3483 in
1244 3430 1390 3505 qua
1433 3407 1682 3503 Jacent
1730 3429 1895 3484 ossa
1932 3406 2285 3483 fructiferi
2327 3406 2595 3505 ingenii
2634 3415 2710 3483 et
2748 3408 2872 3483 alti
2909 3408 3063 3485 elo-

720 3527 872 3623 quii
922 3528 996 3601 in
1031 3528 1403 3603 montibus
1436 3528 1829 3602 fructiferis
1871 3534 1946 3603 et
1980 3527 2144 3601 altis
2182 3526 2378 3621 apud
2414 3528 2811 3623 Neapolim.
2848 3529 3060 3605 Nunc

723 3648 817 3722 ad
851 3646 1181 3743 literam3
1233 3647 1403 3722 dicit
1453 3646 1826 3744 Virgilius:
1883 3650 2142 3741 Napoli
2173 3649 2354 3738 l’lta,
2390 3647 2661 3723 scilicet
2693 3647 2867 3723 illud
2900 3670 3068 3723 cor-

720 3788 856 3864 pus
907 3787 1162 3843 meum
1213 3768 1612 3862 sepultum,
1662 3787 1701 3839 e
1731 3769 1830 3841 da
1859 3770 2255 3841 Brandizio
2298 3765 2341 3843 e*
2376 3771 2566 3859 tollo,
2618 3768 2792 3861 quia
2826 3768 3066 3866 Virgi-

720 3888 858 3962 lius
908 3895 1250 3979 mortuus
1300 3896 1411 3961 est
1459 3886 1820 3963 Brundisii
1855 3879 1954 3981 (²),
2017 3895 2091 3961 et
2153 3888 2313 3963 eius
2374 3908 2539 3961 ossa
2603 3866 2832 3963 relata
2892 3896 3065 3963 sunt

720 4007 1120 4103 Neapolim,
1180 4006 1310 4081 ubi
1369 4016 1824 4104 praeceperat
1869 4008 2176 4103 sepeliri.
2240 4008 2372 4081 Alii
2439 4014 2685 4083 tamen
2736 4010 3066 4085 scribunt

721 4129 938 4224 quod-
971 4136 1312 4203 mortuus
1361 4139 1473 4206 est
1501 4119 1578 4221 (³)
1610 4128 1809 4223 apud
1841 4130 2267 4231 Tarantum.
2303 4128 2473 4203 Haec
2510 4129 2760 4205 omnia
2798 4137 2871 4203 et
2906 4132 3067 4205 eius

707 4269 946 4346 opera
997 4256 1402 4346 tanguntur
1454 4248 1530 4323 in
1579 4248 1740 4323 eius
1789 4248 1996 4324 brevi
2049 4248 2433 4344 epitaphio,
2488 4249 2683 4343 quod
2740 4251 2883 4325 tale
2916 4257 3062 4327 est:

721 4374 1018 4443 Mantua
1051 4389 1161 4443 me
1190 4372 1450 4461 qenuit,
1483 4370 1769 4443 Calabri
1797 4390 2124 4462 rapuere,
2161 4376 2341 4443 tenet
2368 4390 2552 4442 mmo
2577 4373 3067 4465 Parthenope;

725 4492 938 4563 cecini
980 4510 1278 4583 pascua,
1328 4510 1540 4581 rura,
1589 4491 1820 4579 duces,
1883 4488 2092 4583 quasi
2143 4488 2381 4565 dicat:
2420 4488 2669 4584 scripsi
2706 4489 3069 4585 Bucolica,

725 4610 1109 4707 Georgica,
1143 4609 1436 4685 Eneida.
1474 4610 1578 4683 Ex
1632 4608 1838 4683 dictis
1874 4608 2215 4707 Virgilius
2249 4609 2639 4703 concludit,
2674 4611 2871 4703 quod
2922 4633 3069 4687 non

725 4729 944 4806 debet
993 4729 1250 4803 mirari
1299 4729 1358 4803 si
1411 4751 1558 4804 non
1611 4728 1779 4804 facit
1842 4730 2210 4823 umbram,
2263 4736 2338 4803 et
2394 4729 2642 4826 arguit
2697 4749 2743 4804 a
2802 4729 3069 4806 minori

727 4858 801 4926 et
850 4871 897 4924 a
949 4848 1186 4943 simili,
1231 4849 1404 4943 quia
1438 4848 1776 4924 videmus
1811 4849 2008 4943 quod
2043 4869 2355 4945 corpora
2390 4848 2715 4925 coelestia
2754 4869 2902 4925 non
2936 4850 3075 4925 im-

859 5114 916 5177 (¹)
947 5114 1010 5165 13.
1044 5114 1288 5167 Vesevus.
1604 5113 1660 5176 (²)
1693 5114 1757 5163 E.
1786 5112 2080 5165 Brundusii.
2395 5110 2448 5175 (')
2480 5112 2543 5163 Ε.
2574 5113 2641 5163 sit
2671 5112 2823 5176 apud.
