<?xml version="1.0" encoding="UTF-8"?>
<!DOCTYPE html PUBLIC "-//W3C//DTD XHTML 1.0 Transitional//EN"
    "http://www.w3.org/TR/xhtml1/DTD/xhtml1-transitional.dtd">
<html xmlns="http://www.w3.org/1999/xhtml" xml:lang="en" lang="en">
 <head>
  <title>
</title>
<meta http-equiv="Content-Type" content="text/html;charset=utf-8" />
  <meta name='ocr-system' content='tesseract 3.04.00' />
  <meta name='ocr-capabilities' content='ocr_page ocr_carea ocr_par ocr_line ocrx_word'/>
</head>
<body>
  <div class='ocr_page' id='page_1' title='image "./comentumsuperda02unkngoog_0043.png"; bbox 0 0 4392 6850; ppageno 0'>
   <div class='ocr_carea' id='block_1_1' title="bbox 1473 985 2950 1052">
    <p class='ocr_par' dir='ltr' id='par_1_1' title="bbox 1473 985 2950 1052">
     <span class='ocr_line' id='line_1_1' title="bbox 1473 985 2950 1052; baseline 0.001 -2"><span class='ocrx_word' id='word_1_1' title='bbox 1473 997 1751 1051; x_wconf 74' lang='lat' dir='ltr'><strong>CAN‘rns</strong></span> <span class='ocrx_word' id='word_1_2' title='bbox 1800 997 2086 1051; x_wconf 72' lang='lat' dir='ltr'><strong>ramus,</strong></span> <span class='ocrx_word' id='word_1_3' title='bbox 2140 1037 2146 1042; x_wconf 91' lang='lat'><em>.</em></span> <span class='ocrx_word' id='word_1_4' title='bbox 2863 985 2950 1052; x_wconf 87' lang='grc'><strong>31</strong></span> 
     </span>
    </p>
   </div>
   <div class='ocr_carea' id='block_1_2' title="bbox 605 1138 3079 4849">
    <p class='ocr_par' dir='ltr' id='par_1_2' title="bbox 605 1138 3079 4849">
     <span class='ocr_line' id='line_1_2' title="bbox 605 1138 2963 1234; baseline -0 -16"><span class='ocrx_word' id='word_1_5' title='bbox 605 1143 826 1218; x_wconf 90' lang='lat' dir='ltr'><strong>habet</strong></span> <span class='ocrx_word' id='word_1_6' title='bbox 857 1138 928 1234; x_wconf 78' lang='lat'><strong>(¹)</strong></span> <span class='ocrx_word' id='word_1_7' title='bbox 985 1143 1316 1217; x_wconf 88' lang='lat' dir='ltr'><strong>abutitur</strong></span> <span class='ocrx_word' id='word_1_8' title='bbox 1368 1141 1726 1216; x_wconf 88' lang='lat' dir='ltr'><strong>libertate.</strong></span> <span class='ocrx_word' id='word_1_9' title='bbox 1783 1142 1986 1217; x_wconf 83' lang='lat' dir='ltr'><strong>Unde</strong></span> <span class='ocrx_word' id='word_1_10' title='bbox 2036 1142 2239 1215; x_wconf 84' lang='lat' dir='ltr'><strong>Titus</strong></span> <span class='ocrx_word' id='word_1_11' title='bbox 2286 1141 2573 1216; x_wconf 88' lang='lat' dir='ltr'><strong>Livius:</strong></span> <span class='ocrx_word' id='word_1_12' title='bbox 2616 1142 2787 1217; x_wconf 87' lang='lat' dir='ltr'><strong>Haec</strong></span> <span class='ocrx_word' id='word_1_13' title='bbox 2828 1164 2963 1217; x_wconf 89' lang='lat' dir='ltr'><strong>na-</strong></span> 
     </span>
     <span class='ocr_line' id='line_1_3' title="bbox 606 1263 2962 1358; baseline 0 -20"><span class='ocrx_word' id='word_1_14' title='bbox 606 1269 776 1339; x_wconf 88' lang='lat' dir='ltr'><strong>tura</strong></span> <span class='ocrx_word' id='word_1_15' title='bbox 827 1263 1306 1338; x_wconf 89' lang='lat' dir='ltr'><strong>multitudinis</strong></span> <span class='ocrx_word' id='word_1_16' title='bbox 1357 1267 1490 1356; x_wconf 89' lang='lat' dir='ltr'><strong>est,</strong></span> <span class='ocrx_word' id='word_1_17' title='bbox 1544 1269 1676 1336; x_wconf 92' lang='lat' dir='ltr'><strong>aut</strong></span> <span class='ocrx_word' id='word_1_18' title='bbox 1727 1263 2105 1336; x_wconf 86' lang='lat' dir='ltr'><strong>humiliter</strong></span> <span class='ocrx_word' id='word_1_19' title='bbox 2143 1263 2405 1356; x_wconf 89' lang='lat' dir='ltr'><strong>servit,</strong></span> <span class='ocrx_word' id='word_1_20' title='bbox 2457 1269 2589 1336; x_wconf 90' lang='lat' dir='ltr'><strong>aut</strong></span> <span class='ocrx_word' id='word_1_21' title='bbox 2646 1264 2962 1358; x_wconf 85' lang='lat' dir='ltr'><strong>superbe</strong></span> 
     </span>
     <span class='ocr_line' id='line_1_4' title="bbox 605 1375 2957 1479; baseline 0 -21"><span class='ocrx_word' id='word_1_22' title='bbox 605 1383 1076 1479; x_wconf 84' lang='lat' dir='ltr'><strong>dominatur3</strong></span> <span class='ocrx_word' id='word_1_23' title='bbox 1127 1383 1540 1459; x_wconf 90' lang='lat' dir='ltr'><strong>libertatem</strong></span> <span class='ocrx_word' id='word_1_24' title='bbox 1590 1389 1842 1457; x_wconf 91' lang='lat' dir='ltr'><strong>autem</strong></span> <span class='ocrx_word' id='word_1_25' title='bbox 1896 1403 2066 1476; x_wconf 83' lang='lat' dir='ltr'><strong>quae</strong></span> <span class='ocrx_word' id='word_1_26' title='bbox 2117 1382 2362 1457; x_wconf 91' lang='lat' dir='ltr'><strong>media</strong></span> <span class='ocrx_word' id='word_1_27' title='bbox 2421 1389 2553 1477; x_wconf 89' lang='lat' dir='ltr'><strong>est,</strong></span> <span class='ocrx_word' id='word_1_28' title='bbox 2607 1403 2853 1478; x_wconf 90' lang='lat' dir='ltr'><strong>neque</strong></span> <span class='ocrx_word' id='word_1_29' title='bbox 2882 1375 2957 1476; x_wconf 74' lang='lat'><strong>(²)</strong></span> 
     </span>
     <span class='ocr_line' id='line_1_5' title="bbox 610 1503 2959 1600; baseline 0 -22"><span class='ocrx_word' id='word_1_30' title='bbox 610 1526 962 1600; x_wconf 89' lang='lat' dir='ltr'><strong>spernere</strong></span> <span class='ocrx_word' id='word_1_31' title='bbox 989 1509 1416 1600; x_wconf 85' lang='lat' dir='ltr'><strong>temperate,</strong></span> <span class='ocrx_word' id='word_1_32' title='bbox 1453 1523 1588 1578; x_wconf 91' lang='lat' dir='ltr'><strong>nec</strong></span> <span class='ocrx_word' id='word_1_33' title='bbox 1625 1503 1899 1576; x_wconf 87' lang='lat' dir='ltr'><strong>habere</strong></span> <span class='ocrx_word' id='word_1_34' title='bbox 1932 1503 2192 1576; x_wconf 89' lang='lat' dir='ltr'><strong>sciunt.</strong></span> <span class='ocrx_word' id='word_1_35' title='bbox 2232 1503 2423 1578; x_wconf 90' lang='lat' dir='ltr'><strong>Vera</strong></span> <span class='ocrx_word' id='word_1_36' title='bbox 2460 1511 2707 1579; x_wconf 91' lang='lat' dir='ltr'><strong>tamen</strong></span> <span class='ocrx_word' id='word_1_37' title='bbox 2736 1505 2959 1580; x_wconf 88' lang='lat' dir='ltr'><strong>liber-</strong></span> 
     </span>
     <span class='ocr_line' id='line_1_6' title="bbox 613 1622 2959 1718; baseline 0 -19"><span class='ocrx_word' id='word_1_38' title='bbox 613 1633 722 1699; x_wconf 89' lang='lat' dir='ltr'><strong>tas</strong></span> <span class='ocrx_word' id='word_1_39' title='bbox 772 1633 882 1700; x_wconf 92' lang='lat' dir='ltr'><strong>est</strong></span> <span class='ocrx_word' id='word_1_40' title='bbox 931 1627 1230 1701; x_wconf 84' lang='lat' dir='ltr'><strong>libertas</strong></span> <span class='ocrx_word' id='word_1_41' title='bbox 1279 1624 1529 1718; x_wconf 87' lang='lat' dir='ltr'><strong>animi,</strong></span> <span class='ocrx_word' id='word_1_42' title='bbox 1563 1623 1690 1718; x_wconf 91' lang='lat' dir='ltr'><strong>qui</strong></span> <span class='ocrx_word' id='word_1_43' title='bbox 1743 1629 1853 1698; x_wconf 91' lang='lat' dir='ltr'><strong>est</strong></span> <span class='ocrx_word' id='word_1_44' title='bbox 1902 1623 2086 1696; x_wconf 91' lang='lat' dir='ltr'><strong>liber</strong></span> <span class='ocrx_word' id='word_1_45' title='bbox 2135 1645 2180 1698; x_wconf 91' lang='lat' dir='ltr'><strong>a</strong></span> <span class='ocrx_word' id='word_1_46' title='bbox 2231 1622 2443 1718; x_wconf 79' lang='lat' dir='ltr'><strong>vitiis,</strong></span> <span class='ocrx_word' id='word_1_47' title='bbox 2479 1631 2555 1698; x_wconf 89' lang='lat' dir='ltr'><strong>et</strong></span> <span class='ocrx_word' id='word_1_48' title='bbox 2592 1626 2783 1700; x_wconf 88' lang='lat' dir='ltr'><strong>hanc</strong></span> <span class='ocrx_word' id='word_1_49' title='bbox 2824 1627 2959 1701; x_wconf 91' lang='lat' dir='ltr'><strong>sibi</strong></span> 
     </span>
     <span class='ocr_line' id='line_1_7' title="bbox 612 1742 2959 1841; baseline 0.001 -24"><span class='ocrx_word' id='word_1_50' title='bbox 612 1744 925 1840; x_wconf 90' lang='lat' dir='ltr'><strong>quisque</strong></span> <span class='ocrx_word' id='word_1_51' title='bbox 975 1751 1213 1841; x_wconf 85' lang='lat' dir='ltr'><strong>potest</strong></span> <span class='ocrx_word' id='word_1_52' title='bbox 1259 1745 1440 1820; x_wconf 90' lang='lat' dir='ltr'><strong>dare</strong></span> <span class='ocrx_word' id='word_1_53' title='bbox 1491 1751 2179 1838; x_wconf 90' lang='lat' dir='ltr'><strong>quantumcumque</strong></span> <span class='ocrx_word' id='word_1_54' title='bbox 2215 1743 2306 1817; x_wconf 90' lang='lat' dir='ltr'><strong>sit</strong></span> <span class='ocrx_word' id='word_1_55' title='bbox 2338 1742 2411 1816; x_wconf 88' lang='lat' dir='ltr'><strong>in</strong></span> <span class='ocrx_word' id='word_1_56' title='bbox 2446 1745 2804 1820; x_wconf 89' lang='lat' dir='ltr'><strong>servitute</strong></span> <span class='ocrx_word' id='word_1_57' title='bbox 2841 1746 2959 1821; x_wconf 86' lang='lat' dir='ltr'><strong>vei</strong></span> 
     </span>
     <span class='ocr_line' id='line_1_8' title="bbox 611 1863 2961 1960; baseline 0.001 -22"><span class='ocrx_word' id='word_1_58' title='bbox 611 1865 1026 1960; x_wconf 81' lang='lat' dir='ltr'><strong>captivitate</strong></span> <span class='ocrx_word' id='word_1_59' title='bbox 1076 1865 1380 1939; x_wconf 90' lang='lat' dir='ltr'><strong>alterius</strong></span> <span class='ocrx_word' id='word_1_60' title='bbox 1431 1863 1728 1960; x_wconf 89' lang='lat' dir='ltr'><strong>positus,</strong></span> <span class='ocrx_word' id='word_1_61' title='bbox 1765 1870 1840 1937; x_wconf 92' lang='lat' dir='ltr'><strong>et</strong></span> <span class='ocrx_word' id='word_1_62' title='bbox 1883 1864 2070 1936; x_wconf 87' lang='lat' dir='ltr'><strong>hanc</strong></span> <span class='ocrx_word' id='word_1_63' title='bbox 2105 1863 2351 1936; x_wconf 89' lang='lat' dir='ltr'><strong>nullus</strong></span> <span class='ocrx_word' id='word_1_64' title='bbox 2386 1869 2622 1958; x_wconf 89' lang='lat' dir='ltr'><strong>potest</strong></span> <span class='ocrx_word' id='word_1_65' title='bbox 2673 1865 2961 1960; x_wconf 89' lang='lat' dir='ltr'><strong>eripere</strong></span> 
     </span>
     <span class='ocr_line' id='line_1_9' title="bbox 613 1982 2960 2080; baseline 0 -22"><span class='ocrx_word' id='word_1_66' title='bbox 613 1985 930 2060; x_wconf 80' lang='lat' dir='ltr'><strong>habenti.</strong></span> <span class='ocrx_word' id='word_1_67' title='bbox 991 1986 1192 2060; x_wconf 89' lang='lat' dir='ltr'><strong>Hanc</strong></span> <span class='ocrx_word' id='word_1_68' title='bbox 1252 2005 1399 2058; x_wconf 93' lang='lat' dir='ltr'><strong>non</strong></span> <span class='ocrx_word' id='word_1_69' title='bbox 1459 1983 1724 2078; x_wconf 86' lang='lat' dir='ltr'><strong>eripuit</strong></span> <span class='ocrx_word' id='word_1_70' title='bbox 1783 1982 2171 2078; x_wconf 84' lang='lat' dir='ltr'><strong>Dionysius</strong></span> <span class='ocrx_word' id='word_1_71' title='bbox 2238 1990 2595 2078; x_wconf 83' lang='lat' dir='ltr'><strong>tyrannus</strong></span> <span class='ocrx_word' id='word_1_72' title='bbox 2656 1985 2960 2080; x_wconf 86' lang='lat' dir='ltr'><strong>sapienti</strong></span> 
     </span>
     <span class='ocr_line' id='line_1_10' title="bbox 615 2102 2965 2197; baseline 0.001 -20"><span class='ocrx_word' id='word_1_73' title='bbox 615 2104 916 2180; x_wconf 90' lang='lat' dir='ltr'><strong>Platoni.</strong></span> <span class='ocrx_word' id='word_1_74' title='bbox 951 2103 1154 2179; x_wconf 87' lang='lat' dir='ltr'><strong>Hanc</strong></span> <span class='ocrx_word' id='word_1_75' title='bbox 1204 2103 1614 2178; x_wconf 89' lang='lat' dir='ltr'><strong>libertatem</strong></span> <span class='ocrx_word' id='word_1_76' title='bbox 1653 2104 2034 2197; x_wconf 74' lang='lat' dir='ltr'><strong>quaerebat</strong></span> <span class='ocrx_word' id='word_1_77' title='bbox 2067 2102 2184 2178; x_wconf 85' lang='lat' dir='ltr'><strong>hic</strong></span> <span class='ocrx_word' id='word_1_78' title='bbox 2225 2103 2479 2176; x_wconf 90' lang='lat' dir='ltr'><strong>nobilis</strong></span> <span class='ocrx_word' id='word_1_79' title='bbox 2521 2111 2735 2197; x_wconf 87' lang='lat' dir='ltr'><strong>poeta</strong></span> <span class='ocrx_word' id='word_1_80' title='bbox 2772 2105 2965 2180; x_wconf 91' lang='lat' dir='ltr'><strong>Dan-</strong></span> 
     </span>
     <span class='ocr_line' id='line_1_11' title="bbox 612 2221 2965 2319; baseline 0 -22"><span class='ocrx_word' id='word_1_81' title='bbox 612 2231 746 2298; x_wconf 87' lang='lat' dir='ltr'><strong>tes.</strong></span> <span class='ocrx_word' id='word_1_82' title='bbox 799 2225 888 2296; x_wconf 90' lang='lat' dir='ltr'><strong>Et</strong></span> <span class='ocrx_word' id='word_1_83' title='bbox 942 2231 1022 2297; x_wconf 95' lang='lat' dir='ltr'><strong>ut</strong></span> <span class='ocrx_word' id='word_1_84' title='bbox 1069 2224 1212 2298; x_wconf 90' lang='lat' dir='ltr'><strong>cito</strong></span> <span class='ocrx_word' id='word_1_85' title='bbox 1262 2223 1551 2298; x_wconf 88' lang='lat' dir='ltr'><strong>veniam</strong></span> <span class='ocrx_word' id='word_1_86' title='bbox 1605 2223 1698 2296; x_wconf 89' lang='lat' dir='ltr'><strong>ad</strong></span> <span class='ocrx_word' id='word_1_87' title='bbox 1749 2223 2229 2318; x_wconf 88' lang='lat' dir='ltr'><strong>propositum,</strong></span> <span class='ocrx_word' id='word_1_88' title='bbox 2283 2221 2622 2319; x_wconf 86' lang='lat' dir='ltr'><strong>Virgilius</strong></span> <span class='ocrx_word' id='word_1_89' title='bbox 2674 2224 2965 2300; x_wconf 84' lang='lat' dir='ltr'><strong>videtur</strong></span> 
     </span>
     <span class='ocr_line' id='line_1_12' title="bbox 612 2342 2963 2440; baseline 0 -22"><span class='ocrx_word' id='word_1_90' title='bbox 612 2344 716 2418; x_wconf 91' lang='lat' dir='ltr'><strong>sic</strong></span> <span class='ocrx_word' id='word_1_91' title='bbox 767 2364 1124 2440; x_wconf 82' lang='lat' dir='ltr'><strong>arguere:</strong></span> <span class='ocrx_word' id='word_1_92' title='bbox 1161 2343 1220 2416; x_wconf 93' lang='lat' dir='ltr'><strong>si</strong></span> <span class='ocrx_word' id='word_1_93' title='bbox 1256 2342 1435 2418; x_wconf 90' lang='lat' dir='ltr'><strong>Cato</strong></span> <span class='ocrx_word' id='word_1_94' title='bbox 1471 2342 1941 2438; x_wconf 87' lang='lat' dir='ltr'><strong>philosophus</strong></span> <span class='ocrx_word' id='word_1_95' title='bbox 1978 2363 2307 2438; x_wconf 88' lang='lat' dir='ltr'><strong>paganus</strong></span> <span class='ocrx_word' id='word_1_96' title='bbox 2342 2343 2681 2418; x_wconf 89' lang='lat' dir='ltr'><strong>toleravit</strong></span> <span class='ocrx_word' id='word_1_97' title='bbox 2715 2345 2963 2420; x_wconf 88' lang='lat' dir='ltr'><strong>omnia</strong></span> 
     </span>
     <span class='ocr_line' id='line_1_13' title="bbox 611 2453 2952 2558; baseline 0.001 -22"><span class='ocrx_word' id='word_1_98' title='bbox 611 2463 1078 2538; x_wconf 90' lang='lat' dir='ltr'><strong>incommoda</strong></span> <span class='ocrx_word' id='word_1_99' title='bbox 1117 2462 1538 2536; x_wconf 88' lang='lat' dir='ltr'><strong>discrimina</strong></span> <span class='ocrx_word' id='word_1_100' title='bbox 1563 2453 1638 2555; x_wconf 76' lang='lat'><strong>(⁸)</strong></span> <span class='ocrx_word' id='word_1_101' title='bbox 1675 2462 2009 2555; x_wconf 88' lang='lat' dir='ltr'><strong>adversa,</strong></span> <span class='ocrx_word' id='word_1_102' title='bbox 2051 2468 2126 2536; x_wconf 90' lang='lat' dir='ltr'><strong>et</strong></span> <span class='ocrx_word' id='word_1_103' title='bbox 2160 2462 2382 2536; x_wconf 92' lang='lat' dir='ltr'><strong>etiam</strong></span> <span class='ocrx_word' id='word_1_104' title='bbox 2420 2471 2678 2558; x_wconf 87' lang='lat' dir='ltr'><strong>sponte</strong></span> <span class='ocrx_word' id='word_1_105' title='bbox 2712 2484 2792 2539; x_wconf 92' lang='lat' dir='ltr'><strong>se</strong></span> <span class='ocrx_word' id='word_1_106' title='bbox 2824 2485 2952 2538; x_wconf 91' lang='lat' dir='ltr'><strong>oc-</strong></span> 
     </span>
     <span class='ocr_line' id='line_1_14' title="bbox 616 2581 2967 2680; baseline -0 -21"><span class='ocrx_word' id='word_1_107' title='bbox 616 2584 786 2659; x_wconf 89' lang='lat' dir='ltr'><strong>cidit</strong></span> <span class='ocrx_word' id='word_1_108' title='bbox 853 2605 988 2680; x_wconf 88' lang='lat' dir='ltr'><strong>pro</strong></span> <span class='ocrx_word' id='word_1_109' title='bbox 1054 2584 1392 2658; x_wconf 89' lang='lat' dir='ltr'><strong>libertate</strong></span> <span class='ocrx_word' id='word_1_110' title='bbox 1459 2582 1841 2677; x_wconf 88' lang='lat' dir='ltr'><strong>temporali</strong></span> <span class='ocrx_word' id='word_1_111' title='bbox 1901 2581 2375 2677; x_wconf 87' lang='lat' dir='ltr'><strong>defendenda,</strong></span> <span class='ocrx_word' id='word_1_112' title='bbox 2444 2585 2639 2679; x_wconf 86' lang='lat' dir='ltr'><strong>quia,</strong></span> <span class='ocrx_word' id='word_1_113' title='bbox 2714 2591 2797 2658; x_wconf 91' lang='lat' dir='ltr'><strong>ut</strong></span> <span class='ocrx_word' id='word_1_114' title='bbox 2861 2585 2967 2660; x_wconf 91' lang='lat' dir='ltr'><strong>ait</strong></span> 
     </span>
     <span class='ocr_line' id='line_1_15' title="bbox 616 2702 2959 2798; baseline 0.001 -21"><span class='ocrx_word' id='word_1_115' title='bbox 616 2704 970 2798; x_wconf 80' lang='lat' dir='ltr'><strong>ValeriuS,</strong></span> <span class='ocrx_word' id='word_1_116' title='bbox 1025 2724 1268 2798; x_wconf 86' lang='lat' dir='ltr'><strong>neque</strong></span> <span class='ocrx_word' id='word_1_117' title='bbox 1320 2703 1616 2776; x_wconf 86' lang='lat' dir='ltr'><strong>libertas</strong></span> <span class='ocrx_word' id='word_1_118' title='bbox 1651 2702 1832 2775; x_wconf 86' lang='lat' dir='ltr'><strong>vixit</strong></span> <span class='ocrx_word' id='word_1_119' title='bbox 1863 2709 2027 2797; x_wconf 91' lang='lat' dir='ltr'><strong>post</strong></span> <span class='ocrx_word' id='word_1_120' title='bbox 2061 2703 2440 2797; x_wconf 90' lang='lat' dir='ltr'><strong>Catonem,</strong></span> <span class='ocrx_word' id='word_1_121' title='bbox 2475 2712 2753 2798; x_wconf 89' lang='lat' dir='ltr'><strong>quanto</strong></span> <span class='ocrx_word' id='word_1_122' title='bbox 2796 2727 2959 2780; x_wconf 87' lang='lat' dir='ltr'><strong>me-</strong></span> 
     </span>
     <span class='ocr_line' id='line_1_16' title="bbox 617 2823 2961 2922; baseline 0.002 -25"><span class='ocrx_word' id='word_1_123' title='bbox 617 2823 756 2897; x_wconf 90' lang='lat' dir='ltr'><strong>lius</strong></span> <span class='ocrx_word' id='word_1_124' title='bbox 806 2831 1023 2920; x_wconf 90' lang='lat' dir='ltr'><strong>poeta</strong></span> <span class='ocrx_word' id='word_1_125' title='bbox 1075 2823 1510 2898; x_wconf 87' lang='lat' dir='ltr'><strong>christianus</strong></span> <span class='ocrx_word' id='word_1_126' title='bbox 1561 2843 1696 2918; x_wconf 89' lang='lat' dir='ltr'><strong>pro</strong></span> <span class='ocrx_word' id='word_1_127' title='bbox 1746 2823 2194 2919; x_wconf 89' lang='lat' dir='ltr'><strong>acquirenda</strong></span> <span class='ocrx_word' id='word_1_128' title='bbox 2255 2824 2591 2900; x_wconf 88' lang='lat' dir='ltr'><strong>libertate</strong></span> <span class='ocrx_word' id='word_1_129' title='bbox 2656 2833 2961 2922; x_wconf 86' lang='lat' dir='ltr'><strong>aeterna,</strong></span> 
     </span>
     <span class='ocr_line' id='line_1_17' title="bbox 618 2943 2963 3041; baseline 0.001 -24"><span class='ocrx_word' id='word_1_130' title='bbox 618 2943 836 3018; x_wconf 92' lang='lat' dir='ltr'><strong>debet</strong></span> <span class='ocrx_word' id='word_1_131' title='bbox 869 2946 1018 3018; x_wconf 90' lang='lat' dir='ltr'><strong>alto</strong></span> <span class='ocrx_word' id='word_1_132' title='bbox 1052 2945 1303 3018; x_wconf 87' lang='lat' dir='ltr'><strong>animo</strong></span> <span class='ocrx_word' id='word_1_133' title='bbox 1353 2945 1674 3018; x_wconf 87' lang='lat' dir='ltr'><strong>tolerare</strong></span> <span class='ocrx_word' id='word_1_134' title='bbox 1709 2964 1967 3018; x_wconf 91' lang='lat' dir='ltr'><strong>omnes</strong></span> <span class='ocrx_word' id='word_1_135' title='bbox 2001 2945 2313 3038; x_wconf 65' lang='lat' dir='ltr'><strong>labores»,</strong></span> <span class='ocrx_word' id='word_1_136' title='bbox 2350 2952 2425 3020; x_wconf 90' lang='lat' dir='ltr'><strong>et</strong></span> <span class='ocrx_word' id='word_1_137' title='bbox 2458 2966 2742 3041; x_wconf 85' lang='lat' dir='ltr'><strong>aspera,</strong></span> <span class='ocrx_word' id='word_1_138' title='bbox 2780 2953 2855 3022; x_wconf 94' lang='lat' dir='ltr'><strong>et</strong></span> <span class='ocrx_word' id='word_1_139' title='bbox 2905 2948 2963 3021; x_wconf 86' lang='lat' dir='ltr'><strong>si</strong></span> 
     </span>
     <span class='ocr_line' id='line_1_18' title="bbox 619 3065 2966 3162; baseline 0 -22"><span class='ocrx_word' id='word_1_140' title='bbox 619 3065 956 3160; x_wconf 82' lang='lat' dir='ltr'><strong>expediat</strong></span> <span class='ocrx_word' id='word_1_141' title='bbox 1003 3073 1347 3160; x_wconf 88' lang='lat' dir='ltr'><strong>mortem,</strong></span> <span class='ocrx_word' id='word_1_142' title='bbox 1404 3071 1484 3139; x_wconf 92' lang='lat' dir='ltr'><strong>ut</strong></span> <span class='ocrx_word' id='word_1_143' title='bbox 1534 3065 1716 3138; x_wconf 89' lang='lat' dir='ltr'><strong>liber</strong></span> <span class='ocrx_word' id='word_1_144' title='bbox 1767 3065 2030 3140; x_wconf 88' lang='lat' dir='ltr'><strong>evadat</strong></span> <span class='ocrx_word' id='word_1_145' title='bbox 2093 3086 2137 3138; x_wconf 90' lang='lat' dir='ltr'><strong>a</strong></span> <span class='ocrx_word' id='word_1_146' title='bbox 2202 3065 2555 3143; x_wconf 85' lang='lat' dir='ltr'><strong>servitute</strong></span> <span class='ocrx_word' id='word_1_147' title='bbox 2618 3068 2966 3162; x_wconf 88' lang='lat' dir='ltr'><strong>hostium,</strong></span> 
     </span>
     <span class='ocr_line' id='line_1_19' title="bbox 617 3184 2963 3280; baseline -0 -20"><span class='ocrx_word' id='word_1_148' title='bbox 617 3184 888 3260; x_wconf 87' lang='lat' dir='ltr'><strong>scilicet</strong></span> <span class='ocrx_word' id='word_1_149' title='bbox 937 3185 1311 3280; x_wconf 82' lang='lat' dir='ltr'><strong>vitiorum,</strong></span> <span class='ocrx_word' id='word_1_150' title='bbox 1347 3205 1514 3280; x_wconf 82' lang='lat' dir='ltr'><strong>quae</strong></span> <span class='ocrx_word' id='word_1_151' title='bbox 1565 3191 1716 3258; x_wconf 86' lang='lat' dir='ltr'><strong>tam</strong></span> <span class='ocrx_word' id='word_1_152' title='bbox 1770 3185 1894 3258; x_wconf 91' lang='lat' dir='ltr'><strong>diu</strong></span> <span class='ocrx_word' id='word_1_153' title='bbox 1939 3184 2378 3260; x_wconf 85' lang='lat' dir='ltr'><strong>obsederant</strong></span> <span class='ocrx_word' id='word_1_154' title='bbox 2413 3186 2607 3261; x_wconf 90' lang='lat' dir='ltr'><strong>illam</strong></span> <span class='ocrx_word' id='word_1_155' title='bbox 2646 3187 2963 3262; x_wconf 89' lang='lat' dir='ltr'><strong>nobilem</strong></span> 
     </span>
     <span class='ocr_line' id='line_1_20' title="bbox 618 3304 2969 3399; baseline 0 -19"><span class='ocrx_word' id='word_1_156' title='bbox 618 3305 941 3380; x_wconf 90' lang='lat' dir='ltr'><strong>animam</strong></span> <span class='ocrx_word' id='word_1_157' title='bbox 1011 3304 1086 3378; x_wconf 93' lang='lat' dir='ltr'><strong>in</strong></span> <span class='ocrx_word' id='word_1_158' title='bbox 1152 3325 1454 3379; x_wconf 87' lang='lat' dir='ltr'><strong>carcere</strong></span> <span class='ocrx_word' id='word_1_159' title='bbox 1512 3304 1898 3399; x_wconf 78' lang='lat' dir='ltr'><strong>corporis?</strong></span> <span class='ocrx_word' id='word_1_160' title='bbox 1965 3305 2174 3379; x_wconf 90' lang='lat' dir='ltr'><strong>Nunc</strong></span> <span class='ocrx_word' id='word_1_161' title='bbox 2242 3305 2334 3378; x_wconf 90' lang='lat' dir='ltr'><strong>ad</strong></span> <span class='ocrx_word' id='word_1_162' title='bbox 2403 3306 2739 3381; x_wconf 90' lang='lat' dir='ltr'><strong>literam:</strong></span> <span class='ocrx_word' id='word_1_163' title='bbox 2796 3307 2969 3381; x_wconf 92' lang='lat' dir='ltr'><strong>dicit</strong></span> 
     </span>
     <span class='ocr_line' id='line_1_21' title="bbox 619 3415 2971 3525; baseline 0 -24"><span class='ocrx_word' id='word_1_164' title='bbox 619 3428 963 3525; x_wconf 85' lang='lat' dir='ltr'><strong>Virgilius</strong></span> <span class='ocrx_word' id='word_1_165' title='bbox 1013 3426 1266 3501; x_wconf 88' lang='lat' dir='ltr'><strong>Catoni</strong></span> <span class='ocrx_word' id='word_1_166' title='bbox 1316 3426 1408 3502; x_wconf 99' lang='lat' dir='ltr'><strong>de</strong></span> <span class='ocrx_word' id='word_1_167' title='bbox 1459 3427 1738 3500; x_wconf 83' lang='lat' dir='ltr'><strong>Dante:</strong></span> <span class='ocrx_word' id='word_1_168' title='bbox 1792 3415 2070 3499; x_wconf 71' lang='lat' dir='ltr'><strong>Libet-ld</strong></span> <span class='ocrx_word' id='word_1_169' title='bbox 2119 3448 2213 3499; x_wconf 87' lang='lat' dir='ltr'><strong>va</strong></span> <span class='ocrx_word' id='word_1_170' title='bbox 2270 3430 2619 3501; x_wconf 77' lang='lat' dir='ltr'><strong>cercando</strong></span> <span class='ocrx_word' id='word_1_171' title='bbox 2686 3432 2788 3502; x_wconf 78' lang='lat' dir='ltr'><strong>ch’</strong></span> <span class='ocrx_word' id='word_1_172' title='bbox 2814 3426 2855 3503; x_wconf 75' lang='lat' dir='ltr'><strong>e?</strong></span> <span class='ocrx_word' id='word_1_173' title='bbox 2909 3419 2971 3503; x_wconf 76' lang='grc' dir='ltr'><strong>εὶ</strong></span> 
     </span>
     <span class='ocr_line' id='line_1_22' title="bbox 619 3546 2968 3645; baseline 0 -23"><span class='ocrx_word' id='word_1_174' title='bbox 619 3570 828 3640; x_wconf 87' lang='lat' dir='ltr'><strong>cara,</strong></span> <span class='ocrx_word' id='word_1_175' title='bbox 891 3569 1114 3643; x_wconf 89' lang='lat' dir='ltr'><strong>quam</strong></span> <span class='ocrx_word' id='word_1_176' title='bbox 1183 3546 1482 3642; x_wconf 92' lang='lat' dir='ltr'><strong>quidam</strong></span> <span class='ocrx_word' id='word_1_177' title='bbox 1547 3547 1884 3643; x_wconf 87' lang='lat' dir='ltr'><strong>gloriosae</strong></span> <span class='ocrx_word' id='word_1_178' title='bbox 1956 3548 2213 3622; x_wconf 88' lang='lat' dir='ltr'><strong>mortis</strong></span> <span class='ocrx_word' id='word_1_179' title='bbox 2282 3548 2537 3643; x_wconf 84' lang='lat' dir='ltr'><strong>praetio</strong></span> <span class='ocrx_word' id='word_1_180' title='bbox 2602 3558 2968 3645; x_wconf 86' lang='lat' dir='ltr'><strong>emerunt,</strong></span> 
     </span>
     <span class='ocr_line' id='line_1_23' title="bbox 622 3656 2969 3763; baseline 0.001 -20"><span class='ocrx_word' id='word_1_181' title='bbox 622 3669 811 3743; x_wconf 88' lang='lat' dir='ltr'><strong>sicut</strong></span> <span class='ocrx_word' id='word_1_182' title='bbox 859 3668 1106 3741; x_wconf 88' lang='lat' dir='ltr'><strong>scribit</strong></span> <span class='ocrx_word' id='word_1_183' title='bbox 1153 3666 1608 3763; x_wconf 86' lang='lat' dir='ltr'><strong>Augustinus</strong></span> <span class='ocrx_word' id='word_1_184' title='bbox 1638 3656 1710 3760; x_wconf 71' lang='lat'><strong>(⁴)</strong></span> <span class='ocrx_word' id='word_1_185' title='bbox 1767 3667 1858 3741; x_wconf 93' lang='lat' dir='ltr'><strong>de</strong></span> <span class='ocrx_word' id='word_1_186' title='bbox 1894 3667 2201 3743; x_wconf 85' lang='lat' dir='ltr'><strong>Civitate</strong></span> <span class='ocrx_word' id='word_1_187' title='bbox 2234 3669 2367 3743; x_wconf 91' lang='lat' dir='ltr'><strong>Dei</strong></span> <span class='ocrx_word' id='word_1_188' title='bbox 2398 3668 2492 3744; x_wconf 91' lang='lat' dir='ltr'><strong>de</strong></span> <span class='ocrx_word' id='word_1_189' title='bbox 2526 3670 2969 3745; x_wconf 86' lang='lat' dir='ltr'><strong>Theobrotto</strong></span> 
     </span>
     <span class='ocr_line' id='line_1_24' title="bbox 620 3786 2969 3883; baseline 0.002 -22"><span class='ocrx_word' id='word_1_190' title='bbox 620 3787 1077 3883; x_wconf 80' lang='lat' dir='ltr'><strong>philosophO,</strong></span> <span class='ocrx_word' id='word_1_191' title='bbox 1152 3786 1280 3881; x_wconf 89' lang='lat' dir='ltr'><strong>qui</strong></span> <span class='ocrx_word' id='word_1_192' title='bbox 1351 3787 1540 3862; x_wconf 92' lang='lat' dir='ltr'><strong>lecto</strong></span> <span class='ocrx_word' id='word_1_193' title='bbox 1613 3786 1802 3861; x_wconf 89' lang='lat' dir='ltr'><strong>libro</strong></span> <span class='ocrx_word' id='word_1_194' title='bbox 1877 3786 2195 3861; x_wconf 90' lang='lat' dir='ltr'><strong>Platonis</strong></span> <span class='ocrx_word' id='word_1_195' title='bbox 2260 3789 2355 3864; x_wconf 92' lang='lat' dir='ltr'><strong>de</strong></span> <span class='ocrx_word' id='word_1_196' title='bbox 2420 3790 2969 3867; x_wconf 87' lang='lat' dir='ltr'><strong>immortalitate</strong></span> 
     </span>
     <span class='ocr_line' id='line_1_25' title="bbox 623 3906 2970 4003; baseline 0.001 -20"><span class='ocrx_word' id='word_1_197' title='bbox 623 3909 892 3983; x_wconf 79' lang='lat' dir='ltr'><strong>animae</strong></span> <span class='ocrx_word' id='word_1_198' title='bbox 941 3908 1417 4003; x_wconf 63' lang='lat' dir='ltr'><strong>praecipitavit</strong></span> <span class='ocrx_word' id='word_1_199' title='bbox 1463 3928 1546 3983; x_wconf 93' lang='lat' dir='ltr'><strong>se</strong></span> <span class='ocrx_word' id='word_1_200' title='bbox 1594 3906 1686 3982; x_wconf 91' lang='lat' dir='ltr'><strong>de</strong></span> <span class='ocrx_word' id='word_1_201' title='bbox 1735 3909 1884 3982; x_wconf 90' lang='lat' dir='ltr'><strong>alto</strong></span> <span class='ocrx_word' id='word_1_202' title='bbox 1935 3929 2178 4003; x_wconf 77' lang='lat' dir='ltr'><strong>mum,</strong></span> <span class='ocrx_word' id='word_1_203' title='bbox 2219 3915 2299 3982; x_wconf 91' lang='lat' dir='ltr'><strong>ut</strong></span> <span class='ocrx_word' id='word_1_204' title='bbox 2347 3910 2440 3984; x_wconf 86' lang='lat' dir='ltr'><strong>ad</strong></span> <span class='ocrx_word' id='word_1_205' title='bbox 2490 3909 2711 3985; x_wconf 85' lang='lat' dir='ltr'><strong>vitam</strong></span> <span class='ocrx_word' id='word_1_206' title='bbox 2752 3917 2970 3986; x_wconf 86' lang='lat' dir='ltr'><strong>aeter-</strong></span> 
     </span>
     <span class='ocr_line' id='line_1_26' title="bbox 626 4027 2969 4126; baseline 0.001 -24"><span class='ocrx_word' id='word_1_207' title='bbox 626 4049 798 4102; x_wconf 91' lang='lat' dir='ltr'><strong>nam</strong></span> <span class='ocrx_word' id='word_1_208' title='bbox 852 4048 942 4103; x_wconf 87' lang='lat' dir='ltr'><strong>ex</strong></span> <span class='ocrx_word' id='word_1_209' title='bbox 997 4028 1136 4101; x_wconf 88' lang='lat' dir='ltr'><strong>bac</strong></span> <span class='ocrx_word' id='word_1_210' title='bbox 1185 4028 1333 4103; x_wconf 84' lang='lat' dir='ltr'><strong>vita</strong></span> <span class='ocrx_word' id='word_1_211' title='bbox 1386 4027 1676 4102; x_wconf 84' lang='lat' dir='ltr'><strong>mortali</strong></span> <span class='ocrx_word' id='word_1_212' title='bbox 1728 4027 2044 4103; x_wconf 88' lang='lat' dir='ltr'><strong>miseriae</strong></span> <span class='ocrx_word' id='word_1_213' title='bbox 2091 4029 2670 4126; x_wconf 88' lang='lat' dir='ltr'><strong>transmigraret.</strong></span> <span class='ocrx_word' id='word_1_214' title='bbox 2718 4030 2969 4105; x_wconf 92' lang='lat' dir='ltr'><strong>Simile</strong></span> 
     </span>
     <span class='ocr_line' id='line_1_27' title="bbox 625 4147 2965 4243; baseline -0 -21"><span class='ocrx_word' id='word_1_215' title='bbox 625 4147 795 4224; x_wconf 78' lang='lat' dir='ltr'><strong>fecit</strong></span> <span class='ocrx_word' id='word_1_216' title='bbox 845 4149 1064 4243; x_wconf 85' lang='lat' dir='ltr'><strong>Cat03</strong></span> <span class='ocrx_word' id='word_1_217' title='bbox 1117 4148 1314 4223; x_wconf 91' lang='lat' dir='ltr'><strong>unde</strong></span> <span class='ocrx_word' id='word_1_218' title='bbox 1374 4147 1674 4221; x_wconf 89' lang='lat' dir='ltr'><strong>adducit</strong></span> <span class='ocrx_word' id='word_1_219' title='bbox 1727 4147 1968 4243; x_wconf 89' lang='lat' dir='ltr'><strong>ipsum</strong></span> <span class='ocrx_word' id='word_1_220' title='bbox 2039 4147 2112 4221; x_wconf 92' lang='lat' dir='ltr'><strong>in</strong></span> <span class='ocrx_word' id='word_1_221' title='bbox 2172 4148 2623 4243; x_wconf 83' lang='lat' dir='ltr'><strong>exemplum,</strong></span> <span class='ocrx_word' id='word_1_222' title='bbox 2673 4149 2965 4223; x_wconf 89' lang='lat' dir='ltr'><strong>dicens:</strong></span> 
     </span>
     <span class='ocr_line' id='line_1_28' title="bbox 625 4268 2971 4364; baseline 0 -22"><span class='ocrx_word' id='word_1_223' title='bbox 625 4289 813 4343; x_wconf 84' lang='lat' dir='ltr'><strong>come</strong></span> <span class='ocrx_word' id='word_1_224' title='bbox 857 4273 942 4364; x_wconf 80' lang='lat' dir='ltr'><strong>fa</strong></span> <span class='ocrx_word' id='word_1_225' title='bbox 991 4269 1101 4341; x_wconf 77' lang='lat' dir='ltr'><strong>chi</strong></span> <span class='ocrx_word' id='word_1_226' title='bbox 1135 4289 1274 4361; x_wconf 82' lang='lat' dir='ltr'><strong>per</strong></span> <span class='ocrx_word' id='word_1_227' title='bbox 1322 4270 1410 4341; x_wconf 74' lang='lat' dir='ltr'><strong>lei</strong></span> <span class='ocrx_word' id='word_1_228' title='bbox 1459 4270 1601 4341; x_wconf 81' lang='lat' dir='ltr'><strong>vita</strong></span> <span class='ocrx_word' id='word_1_229' title='bbox 1657 4270 1921 4360; x_wconf 75' lang='lat' dir='ltr'><strong>rifiuca,</strong></span> <span class='ocrx_word' id='word_1_230' title='bbox 1973 4268 2164 4343; x_wconf 91' lang='lat' dir='ltr'><strong>sicut</strong></span> <span class='ocrx_word' id='word_1_231' title='bbox 2224 4276 2303 4343; x_wconf 92' lang='lat' dir='ltr'><strong>tu</strong></span> <span class='ocrx_word' id='word_1_232' title='bbox 2364 4269 2542 4344; x_wconf 91' lang='lat' dir='ltr'><strong>Cato</strong></span> <span class='ocrx_word' id='word_1_233' title='bbox 2592 4269 2841 4345; x_wconf 81' lang='lat' dir='ltr'><strong>fecisti.</strong></span> <span class='ocrx_word' id='word_1_234' title='bbox 2870 4310 2971 4325; x_wconf 92' lang='lat'><strong>—</strong></span> 
     </span>
     <span class='ocr_line' id='line_1_29' title="bbox 639 4388 3079 4487; baseline 0 -22"><span class='ocrx_word' id='word_1_235' title='bbox 639 4391 736 4465; x_wconf 81' lang='lat' dir='ltr'><strong>Tu</strong></span> <span class='ocrx_word' id='word_1_236' title='bbox 778 4390 836 4463; x_wconf 85' lang='lat' dir='ltr'><strong>il</strong></span> <span class='ocrx_word' id='word_1_237' title='bbox 876 4392 1008 4463; x_wconf 82' lang='lat' dir='ltr'><strong>sai.</strong></span> <span class='ocrx_word' id='word_1_238' title='bbox 1073 4389 1204 4464; x_wconf 88' lang='lat' dir='ltr'><strong>Hic</strong></span> <span class='ocrx_word' id='word_1_239' title='bbox 1255 4388 1598 4485; x_wconf 87' lang='lat' dir='ltr'><strong>Virgilius</strong></span> <span class='ocrx_word' id='word_1_240' title='bbox 1659 4397 2198 4483; x_wconf 88' lang='lat' dir='ltr'><strong>consequenter</strong></span> <span class='ocrx_word' id='word_1_241' title='bbox 2258 4390 2487 4487; x_wconf 89' lang='lat' dir='ltr'><strong>tangit</strong></span> <span class='ocrx_word' id='word_1_242' title='bbox 2544 4411 2847 4465; x_wconf 91' lang='lat' dir='ltr'><strong>causam</strong></span> <span class='ocrx_word' id='word_1_243' title='bbox 2896 4395 2973 4465; x_wconf 89' lang='lat' dir='ltr'><strong>et</strong></span> <span class='ocrx_word' id='word_1_244' title='bbox 3050 4388 3079 4423; x_wconf 78' lang='grc'><strong>’</strong></span> 
     </span>
     <span class='ocr_line' id='line_1_30' title="bbox 629 4507 2993 4607; baseline 0 -23"><span class='ocrx_word' id='word_1_245' title='bbox 629 4530 864 4607; x_wconf 89' lang='lat' dir='ltr'><strong>genus</strong></span> <span class='ocrx_word' id='word_1_246' title='bbox 893 4509 1150 4584; x_wconf 90' lang='lat' dir='ltr'><strong>mortis</strong></span> <span class='ocrx_word' id='word_1_247' title='bbox 1184 4508 1512 4602; x_wconf 87' lang='lat' dir='ltr'><strong>Catonis;</strong></span> <span class='ocrx_word' id='word_1_248' title='bbox 1553 4514 1628 4583; x_wconf 93' lang='lat' dir='ltr'><strong>et</strong></span> <span class='ocrx_word' id='word_1_249' title='bbox 1664 4507 1759 4582; x_wconf 92' lang='lat' dir='ltr'><strong>ad</strong></span> <span class='ocrx_word' id='word_1_250' title='bbox 1784 4508 2004 4583; x_wconf 89' lang='lat' dir='ltr'><strong>huius</strong></span> <span class='ocrx_word' id='word_1_251' title='bbox 2039 4508 2267 4584; x_wconf 84' lang='lat' dir='ltr'><strong>literae</strong></span> <span class='ocrx_word' id='word_1_252' title='bbox 2302 4508 2706 4584; x_wconf 83' lang='lat' dir='ltr'><strong>claritatem</strong></span> <span class='ocrx_word' id='word_1_253' title='bbox 2734 4510 2993 4604; x_wconf 86' lang='lat' dir='ltr'><strong>primo·-</strong></span> 
     </span>
     <span class='ocr_line' id='line_1_31' title="bbox 629 4628 2979 4725; baseline -0.001 -20"><span class='ocrx_word' id='word_1_254' title='bbox 629 4636 740 4705; x_wconf 60' lang='grc' dir='ltr'><strong>ωε</strong></span> <span class='ocrx_word' id='word_1_255' title='bbox 787 4628 1166 4705; x_wconf 87' lang='lat' dir='ltr'><strong>sciendum</strong></span> <span class='ocrx_word' id='word_1_256' title='bbox 1208 4635 1358 4704; x_wconf 88' lang='lat' dir='ltr'><strong>tam</strong></span> <span class='ocrx_word' id='word_1_257' title='bbox 1397 4628 1672 4704; x_wconf 90' lang='lat' dir='ltr'><strong>utiliter</strong></span> <span class='ocrx_word' id='word_1_258' title='bbox 1707 4650 1934 4723; x_wconf 90' lang='lat' dir='ltr'><strong>quam</strong></span> <span class='ocrx_word' id='word_1_259' title='bbox 1969 4629 2511 4725; x_wconf 88' lang='lat' dir='ltr'><strong>delectabiliter,</strong></span> <span class='ocrx_word' id='word_1_260' title='bbox 2549 4629 2748 4725; x_wconf 90' lang='lat' dir='ltr'><strong>quod</strong></span> <span class='ocrx_word' id='word_1_261' title='bbox 2787 4630 2979 4704; x_wconf 90' lang='lat' dir='ltr'><strong>sicut</strong></span> 
     </span>
     <span class='ocr_line' id='line_1_32' title="bbox 627 4748 2978 4849; baseline 0.001 -26"><span class='ocrx_word' id='word_1_262' title='bbox 627 4749 876 4823; x_wconf 89' lang='lat' dir='ltr'><strong>scribit</strong></span> <span class='ocrx_word' id='word_1_263' title='bbox 923 4749 1157 4823; x_wconf 88' lang='lat' dir='ltr'><strong>Julius</strong></span> <span class='ocrx_word' id='word_1_264' title='bbox 1208 4748 1462 4823; x_wconf 89' lang='lat' dir='ltr'><strong>Celsus</strong></span> <span class='ocrx_word' id='word_1_265' title='bbox 1512 4748 1756 4849; x_wconf 80' lang='lat' dir='ltr'><strong>socius</strong></span> <span class='ocrx_word' id='word_1_266' title='bbox 1807 4748 1974 4822; x_wconf 87' lang='lat' dir='ltr'><strong>Julii</strong></span> <span class='ocrx_word' id='word_1_267' title='bbox 2023 4748 2349 4843; x_wconf 83' lang='lat' dir='ltr'><strong>CaesariS,</strong></span> <span class='ocrx_word' id='word_1_268' title='bbox 2392 4749 2517 4843; x_wconf 86' lang='lat' dir='ltr'><strong>qui</strong></span> <span class='ocrx_word' id='word_1_269' title='bbox 2564 4750 2791 4825; x_wconf 86' lang='lat' dir='ltr'><strong>rebus</strong></span> <span class='ocrx_word' id='word_1_270' title='bbox 2824 4749 2978 4825; x_wconf 86' lang='lat' dir='ltr'><strong>istis</strong></span> 
     </span>
    </p>
   </div>
   <div class='ocr_carea' id='block_1_3' title="bbox 753 4974 2785 5195">
    <p class='ocr_par' dir='ltr' id='par_1_3' title="bbox 753 4974 2785 5195">
     <span class='ocr_line' id='line_1_33' title="bbox 753 4974 1985 5038; baseline 0.001 -12"><span class='ocrx_word' id='word_1_271' title='bbox 753 4974 810 5038; x_wconf 87' lang='lat'><strong>(¹)</strong></span> <span class='ocrx_word' id='word_1_272' title='bbox 841 4976 906 5027; x_wconf 83' lang='grc' dir='ltr'><strong>Ε.</strong></span> <span class='ocrx_word' id='word_1_273' title='bbox 937 4976 1093 5027; x_wconf 77' lang='lat' dir='ltr'><strong>habet</strong></span> <span class='ocrx_word' id='word_1_274' title='bbox 1122 4976 1418 5029; x_wconf 74' lang='lat' dir='ltr'><strong>libertatem</strong></span> <span class='ocrx_word' id='word_1_275' title='bbox 1449 4978 1680 5031; x_wconf 74' lang='lat' dir='ltr'><strong>abutitur</strong></span> <span class='ocrx_word' id='word_1_276' title='bbox 1709 4992 1788 5029; x_wconf 77' lang='lat' dir='ltr'><strong>ea.</strong></span> <span class='ocrx_word' id='word_1_277' title='bbox 1821 4978 1985 5029; x_wconf 79' lang='lat' dir='ltr'><strong>Unde.</strong></span> 
     </span>
     <span class='ocr_line' id='line_1_34' title="bbox 753 5051 2251 5117; baseline 0.002 -15"><span class='ocrx_word' id='word_1_278' title='bbox 753 5051 810 5115; x_wconf 79' lang='lat'><strong>(⁸)</strong></span> <span class='ocrx_word' id='word_1_279' title='bbox 842 5052 904 5101; x_wconf 86' lang='lat' dir='ltr'><strong>B.</strong></span> <span class='ocrx_word' id='word_1_280' title='bbox 936 5064 1034 5103; x_wconf 82' lang='lat' dir='ltr'><strong>nec</strong></span> <span class='ocrx_word' id='word_1_281' title='bbox 1063 5066 1309 5116; x_wconf 80' lang='lat' dir='ltr'><strong>spernere</strong></span> <span class='ocrx_word' id='word_1_282' title='bbox 1341 5054 1563 5117; x_wconf 82' lang='lat' dir='ltr'><strong>modice,</strong></span> <span class='ocrx_word' id='word_1_283' title='bbox 1595 5067 1694 5104; x_wconf 84' lang='lat' dir='ltr'><strong>nec</strong></span> <span class='ocrx_word' id='word_1_284' title='bbox 1725 5052 1920 5104; x_wconf 74' lang='lat' dir='ltr'><strong>habero</strong></span> <span class='ocrx_word' id='word_1_285' title='bbox 1949 5052 2064 5103; x_wconf 79' lang='lat' dir='ltr'><strong>scit.</strong></span> <span class='ocrx_word' id='word_1_286' title='bbox 2093 5053 2251 5105; x_wconf 75' lang='lat' dir='ltr'><strong>Vera.</strong></span> 
     </span>
     <span class='ocr_line' id='line_1_35' title="bbox 758 5125 2785 5195; baseline 0 -17"><span class='ocrx_word' id='word_1_287' title='bbox 758 5125 814 5191; x_wconf 77' lang='lat'><strong>(⁸)</strong></span> <span class='ocrx_word' id='word_1_288' title='bbox 845 5128 908 5179; x_wconf 85' lang='grc' dir='ltr'><strong>Β.</strong></span> <span class='ocrx_word' id='word_1_289' title='bbox 939 5133 994 5179; x_wconf 81' lang='lat' dir='ltr'><strong>et</strong></span> <span class='ocrx_word' id='word_1_290' title='bbox 1024 5128 1338 5180; x_wconf 75' lang='lat' dir='ltr'><strong>discrimina.</strong></span> <span class='ocrx_word' id='word_1_291' title='bbox 1713 5129 1768 5195; x_wconf 76' lang='lat'><strong>(⁸)</strong></span> <span class='ocrx_word' id='word_1_292' title='bbox 1799 5130 1861 5180; x_wconf 84' lang='grc' dir='ltr'><strong>Β.</strong></span> <span class='ocrx_word' id='word_1_293' title='bbox 1893 5129 2221 5195; x_wconf 68' lang='lat' dir='ltr'><strong>Augustinus</strong></span> <span class='ocrx_word' id='word_1_294' title='bbox 2253 5131 2425 5194; x_wconf 83' lang='lat' dir='ltr'><strong>primo</strong></span> <span class='ocrx_word' id='word_1_295' title='bbox 2457 5129 2522 5180; x_wconf 84' lang='lat' dir='ltr'><strong>de</strong></span> <span class='ocrx_word' id='word_1_296' title='bbox 2552 5128 2785 5181; x_wconf 71' lang='lat' dir='ltr'><strong>civitate.</strong></span> 
     </span>
    </p>
   </div>
  </div>
 </body>
</html>
