<?xml version="1.0" encoding="UTF-8"?>
<!DOCTYPE html PUBLIC "-//W3C//DTD XHTML 1.0 Transitional//EN"
    "http://www.w3.org/TR/xhtml1/DTD/xhtml1-transitional.dtd">
<html xmlns="http://www.w3.org/1999/xhtml" xml:lang="en" lang="en">
 <head>
  <title>
</title>
<meta http-equiv="Content-Type" content="text/html;charset=utf-8" />
  <meta name='ocr-system' content='tesseract 3.04.00' />
  <meta name='ocr-capabilities' content='ocr_page ocr_carea ocr_par ocr_line ocrx_word'/>
</head>
<body>
  <div class='ocr_page' id='page_1' title='image "./comentumsuperda02unkngoog_0134.png"; bbox 0 0 4392 6850; ppageno 0'>
   <div class='ocr_carea' id='block_1_1' title="bbox 1453 955 3079 1022">
    <p class='ocr_par' dir='ltr' id='par_1_1' title="bbox 1453 955 3079 1022">
     <span class='ocr_line' id='line_1_1' title="bbox 1453 955 3079 1022; baseline -0.004 0"><span class='ocrx_word' id='word_1_1' title='bbox 1453 955 1592 1022; x_wconf 80' lang='lat'><strong>122</strong></span> <span class='ocrx_word' id='word_1_2' title='bbox 2179 964 2591 1022; x_wconf 68' lang='lat' dir='ltr'><strong>coum-run</strong></span> <span class='ocrx_word' id='word_1_3' title='bbox 2616 963 3079 1020; x_wconf 63' lang='lat' dir='ltr'><strong>runem-orm</strong></span> 
     </span>
    </p>
   </div>
   <div class='ocr_carea' id='block_1_2' title="bbox 1287 1107 3794 1208">
    <p class='ocr_par' dir='ltr' id='par_1_2' title="bbox 1287 1107 3794 1208">
     <span class='ocr_line' id='line_1_2' title="bbox 1287 1107 3794 1208; baseline -0.002 -20"><span class='ocrx_word' id='word_1_4' title='bbox 1287 1193 1306 1204; x_wconf 70' lang='lat'>‚</span> <span class='ocrx_word' id='word_1_5' title='bbox 1447 1112 1576 1188; x_wconf 85' lang='lat' dir='ltr'><strong>sed</strong></span> <span class='ocrx_word' id='word_1_6' title='bbox 1627 1131 1759 1208; x_wconf 89' lang='lat' dir='ltr'><strong>per</strong></span> <span class='ocrx_word' id='word_1_7' title='bbox 1809 1109 2323 1208; x_wconf 89' lang='lat' dir='ltr'><strong>purgatorium</strong></span> <span class='ocrx_word' id='word_1_8' title='bbox 2379 1132 2760 1206; x_wconf 90' lang='lat' dir='ltr'><strong>nunquam</strong></span> <span class='ocrx_word' id='word_1_9' title='bbox 2818 1110 3133 1206; x_wconf 87' lang='lat' dir='ltr'><strong>portabit</strong></span> <span class='ocrx_word' id='word_1_10' title='bbox 3182 1109 3445 1204; x_wconf 89' lang='lat' dir='ltr'><strong>ipsum.</strong></span> <span class='ocrx_word' id='word_1_11' title='bbox 3509 1109 3651 1184; x_wconf 90' lang='lat' dir='ltr'><strong>Sed</strong></span> <span class='ocrx_word' id='word_1_12' title='bbox 3698 1107 3794 1183; x_wconf 92' lang='lat' dir='ltr'><strong>ad</strong></span> 
     </span>
    </p>
   </div>
   <div class='ocr_carea' id='block_1_3' title="bbox 1443 1228 3829 4457">
    <p class='ocr_par' dir='ltr' id='par_1_3' title="bbox 1443 1228 3829 4457">
     <span class='ocr_line' id='line_1_3' title="bbox 1449 1228 3795 1330; baseline -0.002 -24"><span class='ocrx_word' id='word_1_13' title='bbox 1449 1231 1997 1330; x_wconf 75' lang='lat' dir='ltr'><strong>intelligentiam</strong></span> <span class='ocrx_word' id='word_1_14' title='bbox 2035 1231 2257 1305; x_wconf 88' lang='lat' dir='ltr'><strong>huius</strong></span> <span class='ocrx_word' id='word_1_15' title='bbox 2291 1231 2855 1328; x_wconf 85' lang='lat' dir='ltr'><strong>comparationis</strong></span> <span class='ocrx_word' id='word_1_16' title='bbox 2881 1231 3105 1306; x_wconf 89' lang='lat' dir='ltr'><strong>debes</strong></span> <span class='ocrx_word' id='word_1_17' title='bbox 3132 1236 3390 1305; x_wconf 85' lang='lat' dir='ltr'><strong>notare</strong></span> <span class='ocrx_word' id='word_1_18' title='bbox 3422 1229 3621 1324; x_wconf 87' lang='lat' dir='ltr'><strong>quod</strong></span> <span class='ocrx_word' id='word_1_19' title='bbox 3656 1228 3795 1305; x_wconf 85' lang='lat' dir='ltr'><strong>tria</strong></span> 
     </span>
     <span class='ocr_line' id='line_1_4' title="bbox 1449 1349 3799 1447; baseline -0.001 -21"><span class='ocrx_word' id='word_1_20' title='bbox 1449 1359 1620 1427; x_wconf 87' lang='lat' dir='ltr'><strong>sunt</strong></span> <span class='ocrx_word' id='word_1_21' title='bbox 1671 1353 2160 1428; x_wconf 86' lang='lat' dir='ltr'><strong>instrumenta</strong></span> <span class='ocrx_word' id='word_1_22' title='bbox 2215 1352 2485 1447; x_wconf 89' lang='lat' dir='ltr'><strong>quibus</strong></span> <span class='ocrx_word' id='word_1_23' title='bbox 2535 1351 3033 1427; x_wconf 89' lang='lat' dir='ltr'><strong>communiter</strong></span> <span class='ocrx_word' id='word_1_24' title='bbox 3074 1357 3392 1425; x_wconf 86' lang='lat' dir='ltr'><strong>utuntur</strong></span> <span class='ocrx_word' id='word_1_25' title='bbox 3427 1349 3799 1446; x_wconf 81' lang='lat' dir='ltr'><strong>astrologi,</strong></span> 
     </span>
     <span class='ocr_line' id='line_1_5' title="bbox 1443 1469 3797 1568; baseline -0.002 -20"><span class='ocrx_word' id='word_1_26' title='bbox 1443 1471 1740 1566; x_wconf 86' lang='lat' dir='ltr'><strong>scilicet,</strong></span> <span class='ocrx_word' id='word_1_27' title='bbox 1777 1492 1992 1567; x_wconf 86' lang='lat' dir='ltr'><strong>spera</strong></span> <span class='ocrx_word' id='word_1_28' title='bbox 2028 1471 2423 1548; x_wconf 84' lang='lat' dir='ltr'><strong>materialis</strong></span> <span class='ocrx_word' id='word_1_29' title='bbox 2456 1493 2589 1568; x_wconf 89' lang='lat' dir='ltr'><strong>per</strong></span> <span class='ocrx_word' id='word_1_30' title='bbox 2623 1493 2849 1566; x_wconf 87' lang='lat' dir='ltr'><strong>quam</strong></span> <span class='ocrx_word' id='word_1_31' title='bbox 2888 1471 3284 1546; x_wconf 86' lang='lat' dir='ltr'><strong>ostendunt</strong></span> <span class='ocrx_word' id='word_1_32' title='bbox 3328 1491 3599 1566; x_wconf 85' lang='lat' dir='ltr'><strong>corpus</strong></span> <span class='ocrx_word' id='word_1_33' title='bbox 3628 1469 3797 1546; x_wconf 90' lang='lat' dir='ltr'><strong>coeli</strong></span> 
     </span>
     <span class='ocr_line' id='line_1_6' title="bbox 1445 1592 3801 1690; baseline 0 -23"><span class='ocrx_word' id='word_1_34' title='bbox 1445 1613 1619 1668; x_wconf 89' lang='lat' dir='ltr'><strong>cum</strong></span> <span class='ocrx_word' id='word_1_35' title='bbox 1671 1592 1962 1667; x_wconf 88' lang='lat' dir='ltr'><strong>circulis</strong></span> <span class='ocrx_word' id='word_1_36' title='bbox 2011 1593 2186 1687; x_wconf 79' lang='lat' dir='ltr'><strong>suiS‚</strong></span> <span class='ocrx_word' id='word_1_37' title='bbox 2239 1593 2453 1668; x_wconf 91' lang='lat' dir='ltr'><strong>cuius</strong></span> <span class='ocrx_word' id='word_1_38' title='bbox 2514 1593 2834 1690; x_wconf 86' lang='lat' dir='ltr'><strong>cognitio</strong></span> <span class='ocrx_word' id='word_1_39' title='bbox 2893 1598 3002 1668; x_wconf 90' lang='lat' dir='ltr'><strong>est</strong></span> <span class='ocrx_word' id='word_1_40' title='bbox 3063 1593 3477 1667; x_wconf 89' lang='lat' dir='ltr'><strong>necessaria</strong></span> <span class='ocrx_word' id='word_1_41' title='bbox 3525 1593 3618 1667; x_wconf 91' lang='lat' dir='ltr'><strong>ad</strong></span> <span class='ocrx_word' id='word_1_42' title='bbox 3670 1613 3801 1668; x_wconf 88' lang='lat' dir='ltr'><strong>eo-</strong></span> 
     </span>
     <span class='ocr_line' id='line_1_7' title="bbox 1445 1713 3794 1812; baseline -0 -25"><span class='ocrx_word' id='word_1_43' title='bbox 1445 1714 1846 1812; x_wconf 88' lang='lat' dir='ltr'><strong>gnitionem</strong></span> <span class='ocrx_word' id='word_1_44' title='bbox 1926 1720 2347 1809; x_wconf 89' lang='lat' dir='ltr'><strong>poetarum:</strong></span> <span class='ocrx_word' id='word_1_45' title='bbox 2422 1714 2831 1789; x_wconf 87' lang='lat' dir='ltr'><strong>secundum</strong></span> <span class='ocrx_word' id='word_1_46' title='bbox 2906 1718 3215 1788; x_wconf 82' lang='lat' dir='ltr'><strong>vocatur</strong></span> <span class='ocrx_word' id='word_1_47' title='bbox 3286 1713 3794 1808; x_wconf 84' lang='lat' dir='ltr'><strong>astrolabium,</strong></span> 
     </span>
     <span class='ocr_line' id='line_1_8' title="bbox 1446 1831 3796 1931; baseline 0 -22"><span class='ocrx_word' id='word_1_48' title='bbox 1446 1835 1644 1930; x_wconf 87' lang='lat' dir='ltr'><strong>quod</strong></span> <span class='ocrx_word' id='word_1_49' title='bbox 1697 1841 1807 1910; x_wconf 89' lang='lat' dir='ltr'><strong>est</strong></span> <span class='ocrx_word' id='word_1_50' title='bbox 1859 1835 2430 1910; x_wconf 84' lang='lat' dir='ltr'><strong>instrumentum</strong></span> <span class='ocrx_word' id='word_1_51' title='bbox 2486 1835 2853 1931; x_wconf 89' lang='lat' dir='ltr'><strong>spericum</strong></span> <span class='ocrx_word' id='word_1_52' title='bbox 2914 1841 3117 1909; x_wconf 87' lang='lat' dir='ltr'><strong>recte</strong></span> <span class='ocrx_word' id='word_1_53' title='bbox 3172 1831 3267 1908; x_wconf 91' lang='lat' dir='ltr'><strong>ad</strong></span> <span class='ocrx_word' id='word_1_54' title='bbox 3327 1833 3630 1908; x_wconf 90' lang='lat' dir='ltr'><strong>modum</strong></span> <span class='ocrx_word' id='word_1_55' title='bbox 3682 1834 3796 1909; x_wconf 90' lang='lat' dir='ltr'><strong>in-</strong></span> 
     </span>
     <span class='ocr_line' id='line_1_9' title="bbox 1446 1954 3793 2050; baseline -0.001 -20"><span class='ocrx_word' id='word_1_56' title='bbox 1446 1954 1710 2050; x_wconf 86' lang='lat' dir='ltr'><strong>cisorii‚</strong></span> <span class='ocrx_word' id='word_1_57' title='bbox 1762 1955 1836 2029; x_wconf 92' lang='lat' dir='ltr'><strong>in</strong></span> <span class='ocrx_word' id='word_1_58' title='bbox 1889 1976 2039 2049; x_wconf 87' lang='lat' dir='ltr'><strong>quo</strong></span> <span class='ocrx_word' id='word_1_59' title='bbox 2101 1955 2509 2029; x_wconf 82' lang='lat' dir='ltr'><strong>ostenditur</strong></span> <span class='ocrx_word' id='word_1_60' title='bbox 2570 1961 2720 2028; x_wconf 89' lang='lat' dir='ltr'><strong>tota</strong></span> <span class='ocrx_word' id='word_1_61' title='bbox 2783 1954 3151 2050; x_wconf 85' lang='lat' dir='ltr'><strong>dispositio</strong></span> <span class='ocrx_word' id='word_1_62' title='bbox 3210 1955 3425 2029; x_wconf 87' lang='lat' dir='ltr'><strong>coeli:</strong></span> <span class='ocrx_word' id='word_1_63' title='bbox 3494 1955 3793 2030; x_wconf 88' lang='lat' dir='ltr'><strong>tertium</strong></span> 
     </span>
     <span class='ocr_line' id='line_1_10' title="bbox 1447 2075 3797 2171; baseline 0 -21"><span class='ocrx_word' id='word_1_64' title='bbox 1447 2081 1758 2150; x_wconf 84' lang='lat' dir='ltr'><strong>vocatur</strong></span> <span class='ocrx_word' id='word_1_65' title='bbox 1809 2075 2203 2170; x_wconf 69' lang='lat' dir='ltr'><strong>quadram,</strong></span> <span class='ocrx_word' id='word_1_66' title='bbox 2246 2082 2321 2150; x_wconf 92' lang='lat' dir='ltr'><strong>et</strong></span> <span class='ocrx_word' id='word_1_67' title='bbox 2370 2083 2483 2150; x_wconf 89' lang='lat' dir='ltr'><strong>est</strong></span> <span class='ocrx_word' id='word_1_68' title='bbox 2532 2083 2795 2170; x_wconf 85' lang='lat' dir='ltr'><strong>quarta</strong></span> <span class='ocrx_word' id='word_1_69' title='bbox 2851 2096 3021 2171; x_wconf 89' lang='lat' dir='ltr'><strong>pars</strong></span> <span class='ocrx_word' id='word_1_70' title='bbox 3072 2075 3469 2170; x_wconf 86' lang='lat' dir='ltr'><strong>astrolabii,</strong></span> <span class='ocrx_word' id='word_1_71' title='bbox 3522 2075 3595 2149; x_wconf 91' lang='lat' dir='ltr'><strong>in</strong></span> <span class='ocrx_word' id='word_1_72' title='bbox 3647 2096 3797 2170; x_wconf 86' lang='lat' dir='ltr'><strong>quo</strong></span> 
     </span>
     <span class='ocr_line' id='line_1_11' title="bbox 1445 2183 3791 2291; baseline 0 -21"><span class='ocrx_word' id='word_1_73' title='bbox 1445 2183 1864 2270; x_wconf 81' lang='lat' dir='ltr'><strong>continetur</strong></span> <span class='ocrx_word' id='word_1_74' title='bbox 1913 2195 2238 2272; x_wconf 88' lang='lat' dir='ltr'><strong>breviter</strong></span> <span class='ocrx_word' id='word_1_75' title='bbox 2272 2195 2619 2291; x_wconf 87' lang='lat' dir='ltr'><strong>quicquid</strong></span> <span class='ocrx_word' id='word_1_76' title='bbox 2666 2204 2779 2272; x_wconf 90' lang='lat' dir='ltr'><strong>est</strong></span> <span class='ocrx_word' id='word_1_77' title='bbox 2812 2196 2883 2270; x_wconf 90' lang='lat' dir='ltr'><strong>in</strong></span> <span class='ocrx_word' id='word_1_78' title='bbox 2920 2197 3339 2272; x_wconf 90' lang='lat' dir='ltr'><strong>astrolabio.</strong></span> <span class='ocrx_word' id='word_1_79' title='bbox 3378 2197 3466 2270; x_wconf 86' lang='lat' dir='ltr'><strong>Et</strong></span> <span class='ocrx_word' id='word_1_80' title='bbox 3507 2203 3591 2271; x_wconf 91' lang='lat' dir='ltr'><strong>ut</strong></span> <span class='ocrx_word' id='word_1_81' title='bbox 3625 2197 3791 2272; x_wconf 91' lang='lat' dir='ltr'><strong>dem</strong></span> 
     </span>
     <span class='ocr_line' id='line_1_12' title="bbox 1445 2315 3797 2412; baseline 0 -22"><span class='ocrx_word' id='word_1_82' title='bbox 1445 2315 1868 2409; x_wconf 86' lang='lat' dir='ltr'><strong>exemplum</strong></span> <span class='ocrx_word' id='word_1_83' title='bbox 1920 2337 2288 2412; x_wconf 85' lang='lat' dir='ltr'><strong>grossum,</strong></span> <span class='ocrx_word' id='word_1_84' title='bbox 2342 2316 2532 2391; x_wconf 89' lang='lat' dir='ltr'><strong>istud</strong></span> <span class='ocrx_word' id='word_1_85' title='bbox 2584 2317 3159 2391; x_wconf 83' lang='lat' dir='ltr'><strong>instrumentum</strong></span> <span class='ocrx_word' id='word_1_86' title='bbox 3198 2323 3312 2391; x_wconf 89' lang='lat' dir='ltr'><strong>est</strong></span> <span class='ocrx_word' id='word_1_87' title='bbox 3358 2323 3560 2392; x_wconf 90' lang='lat' dir='ltr'><strong>recte</strong></span> <span class='ocrx_word' id='word_1_88' title='bbox 3610 2315 3797 2390; x_wconf 89' lang='lat' dir='ltr'><strong>sicut</strong></span> 
     </span>
     <span class='ocr_line' id='line_1_13' title="bbox 1444 2435 3797 2533; baseline 0.001 -24"><span class='ocrx_word' id='word_1_89' title='bbox 1444 2435 1508 2510; x_wconf 88' lang='lat' dir='ltr'><strong>si</strong></span> <span class='ocrx_word' id='word_1_90' title='bbox 1555 2435 1834 2510; x_wconf 84' lang='lat' dir='ltr'><strong>dividas</strong></span> <span class='ocrx_word' id='word_1_91' title='bbox 1882 2456 2116 2508; x_wconf 91' lang='lat' dir='ltr'><strong>unum</strong></span> <span class='ocrx_word' id='word_1_92' title='bbox 2170 2435 2592 2512; x_wconf 88' lang='lat' dir='ltr'><strong>incisorium</strong></span> <span class='ocrx_word' id='word_1_93' title='bbox 2648 2437 2721 2510; x_wconf 92' lang='lat' dir='ltr'><strong>in</strong></span> <span class='ocrx_word' id='word_1_94' title='bbox 2775 2443 3099 2531; x_wconf 89' lang='lat' dir='ltr'><strong>quatuor</strong></span> <span class='ocrx_word' id='word_1_95' title='bbox 3133 2436 3510 2533; x_wconf 88' lang='lat' dir='ltr'><strong>quarteria</strong></span> <span class='ocrx_word' id='word_1_96' title='bbox 3545 2456 3797 2531; x_wconf 81' lang='lat' dir='ltr'><strong>aequa-</strong></span> 
     </span>
     <span class='ocr_line' id='line_1_14' title="bbox 1444 2555 3793 2652; baseline -0 -21"><span class='ocrx_word' id='word_1_97' title='bbox 1444 2555 1576 2631; x_wconf 82' lang='lat' dir='ltr'><strong>lia:</strong></span> <span class='ocrx_word' id='word_1_98' title='bbox 1630 2576 1780 2630; x_wconf 87' lang='lat' dir='ltr'><strong>una</strong></span> <span class='ocrx_word' id='word_1_99' title='bbox 1834 2575 2002 2650; x_wconf 84' lang='lat' dir='ltr'><strong>pars</strong></span> <span class='ocrx_word' id='word_1_100' title='bbox 2053 2556 2439 2630; x_wconf 83' lang='lat' dir='ltr'><strong>vocabitur</strong></span> <span class='ocrx_word' id='word_1_101' title='bbox 2490 2557 2883 2651; x_wconf 88' lang='lat' dir='ltr'><strong>quadrans.</strong></span> <span class='ocrx_word' id='word_1_102' title='bbox 2936 2556 3145 2630; x_wconf 87' lang='lat' dir='ltr'><strong>Modo</strong></span> <span class='ocrx_word' id='word_1_103' title='bbox 3194 2556 3290 2632; x_wconf 88' lang='lat' dir='ltr'><strong>ad</strong></span> <span class='ocrx_word' id='word_1_104' title='bbox 3338 2557 3793 2652; x_wconf 89' lang='lat' dir='ltr'><strong>propositum</strong></span> 
     </span>
     <span class='ocr_line' id='line_1_15' title="bbox 1445 2675 3793 2772; baseline 0.001 -22"><span class='ocrx_word' id='word_1_105' title='bbox 1445 2676 1522 2750; x_wconf 90' lang='lat' dir='ltr'><strong>in</strong></span> <span class='ocrx_word' id='word_1_106' title='bbox 1580 2676 1717 2751; x_wconf 86' lang='lat' dir='ltr'><strong>isto</strong></span> <span class='ocrx_word' id='word_1_107' title='bbox 1778 2675 2186 2769; x_wconf 80' lang='lat' dir='ltr'><strong>quadrante</strong></span> <span class='ocrx_word' id='word_1_108' title='bbox 2250 2683 2361 2752; x_wconf 85' lang='lat' dir='ltr'><strong>est</strong></span> <span class='ocrx_word' id='word_1_109' title='bbox 2426 2698 2576 2751; x_wconf 88' lang='lat' dir='ltr'><strong>una</strong></span> <span class='ocrx_word' id='word_1_110' title='bbox 2648 2676 2836 2751; x_wconf 88' lang='lat' dir='ltr'><strong>linea</strong></span> <span class='ocrx_word' id='word_1_111' title='bbox 2896 2675 3139 2751; x_wconf 87' lang='lat' dir='ltr'><strong>media</strong></span> <span class='ocrx_word' id='word_1_112' title='bbox 3208 2697 3377 2770; x_wconf 86' lang='lat' dir='ltr'><strong>quae</strong></span> <span class='ocrx_word' id='word_1_113' title='bbox 3436 2675 3682 2772; x_wconf 87' lang='lat' dir='ltr'><strong>incipit</strong></span> <span class='ocrx_word' id='word_1_114' title='bbox 3749 2698 3793 2752; x_wconf 87' lang='lat' dir='ltr'><strong>a</strong></span> 
     </span>
     <span class='ocr_line' id='line_1_16' title="bbox 1445 2796 3794 2892; baseline -0.001 -20"><span class='ocrx_word' id='word_1_115' title='bbox 1445 2802 1724 2888; x_wconf 85' lang='lat' dir='ltr'><strong>centro,</strong></span> <span class='ocrx_word' id='word_1_116' title='bbox 1777 2796 1981 2891; x_wconf 87' lang='lat' dir='ltr'><strong>idest,</strong></span> <span class='ocrx_word' id='word_1_117' title='bbox 2031 2797 2128 2870; x_wconf 85' lang='lat' dir='ltr'><strong>ab</strong></span> <span class='ocrx_word' id='word_1_118' title='bbox 2186 2796 2305 2871; x_wconf 88' lang='lat' dir='ltr'><strong>illa</strong></span> <span class='ocrx_word' id='word_1_119' title='bbox 2369 2804 2639 2892; x_wconf 85' lang='lat' dir='ltr'><strong>puncta</strong></span> <span class='ocrx_word' id='word_1_120' title='bbox 2700 2804 2921 2871; x_wconf 89' lang='lat' dir='ltr'><strong>acuta</strong></span> <span class='ocrx_word' id='word_1_121' title='bbox 2980 2802 3054 2871; x_wconf 89' lang='lat' dir='ltr'><strong>et</strong></span> <span class='ocrx_word' id='word_1_122' title='bbox 3112 2796 3431 2870; x_wconf 85' lang='lat' dir='ltr'><strong>trahitur</strong></span> <span class='ocrx_word' id='word_1_123' title='bbox 3490 2796 3794 2890; x_wconf 83' lang='lat' dir='ltr'><strong>aequidi-</strong></span> 
     </span>
     <span class='ocr_line' id='line_1_17' title="bbox 1445 2916 3792 3010; baseline -0 -19"><span class='ocrx_word' id='word_1_124' title='bbox 1445 2923 1724 2991; x_wconf 87' lang='lat' dir='ltr'><strong>stanter</strong></span> <span class='ocrx_word' id='word_1_125' title='bbox 1791 2937 2032 3010; x_wconf 87' lang='lat' dir='ltr'><strong>usque</strong></span> <span class='ocrx_word' id='word_1_126' title='bbox 2101 2917 2194 2991; x_wconf 89' lang='lat' dir='ltr'><strong>ad</strong></span> <span class='ocrx_word' id='word_1_127' title='bbox 2267 2924 2683 2994; x_wconf 86' lang='lat' dir='ltr'><strong>extremam</strong></span> <span class='ocrx_word' id='word_1_128' title='bbox 2753 2916 3466 3010; x_wconf 82' lang='lat' dir='ltr'><strong>circumferentiam3</strong></span> <span class='ocrx_word' id='word_1_129' title='bbox 3534 2925 3611 2992; x_wconf 90' lang='lat' dir='ltr'><strong>et</strong></span> <span class='ocrx_word' id='word_1_130' title='bbox 3660 2917 3792 2991; x_wconf 88' lang='lat' dir='ltr'><strong>ista</strong></span> 
     </span>
     <span class='ocr_line' id='line_1_18' title="bbox 1443 3037 3793 3133; baseline 0.001 -23"><span class='ocrx_word' id='word_1_131' title='bbox 1443 3037 1660 3130; x_wconf 86' lang='lat' dir='ltr'><strong>linea,</strong></span> <span class='ocrx_word' id='word_1_132' title='bbox 1713 3037 1770 3110; x_wconf 87' lang='lat' dir='ltr'><strong>si</strong></span> <span class='ocrx_word' id='word_1_133' title='bbox 1823 3038 2028 3133; x_wconf 90' lang='lat' dir='ltr'><strong>ponis</strong></span> <span class='ocrx_word' id='word_1_134' title='bbox 2077 3037 2567 3131; x_wconf 85' lang='lat' dir='ltr'><strong>quadrantem</strong></span> <span class='ocrx_word' id='word_1_135' title='bbox 2620 3037 2694 3111; x_wconf 92' lang='lat' dir='ltr'><strong>in</strong></span> <span class='ocrx_word' id='word_1_136' title='bbox 2747 3037 2964 3133; x_wconf 91' lang='lat' dir='ltr'><strong>plano</strong></span> <span class='ocrx_word' id='word_1_137' title='bbox 3014 3037 3088 3111; x_wconf 89' lang='lat' dir='ltr'><strong>in</strong></span> <span class='ocrx_word' id='word_1_138' title='bbox 3140 3058 3294 3111; x_wconf 92' lang='lat' dir='ltr'><strong>uno</strong></span> <span class='ocrx_word' id='word_1_139' title='bbox 3351 3037 3583 3112; x_wconf 88' lang='lat' dir='ltr'><strong>latere</strong></span> <span class='ocrx_word' id='word_1_140' title='bbox 3634 3058 3793 3132; x_wconf 89' lang='lat' dir='ltr'><strong>suo,</strong></span> 
     </span>
     <span class='ocr_line' id='line_1_19' title="bbox 1445 3151 3793 3253; baseline 0 -21"><span class='ocrx_word' id='word_1_141' title='bbox 1445 3156 1723 3232; x_wconf 84' lang='lat' dir='ltr'><strong>videbis</strong></span> <span class='ocrx_word' id='word_1_142' title='bbox 1783 3158 1982 3234; x_wconf 88' lang='lat' dir='ltr'><strong>clare</strong></span> <span class='ocrx_word' id='word_1_143' title='bbox 2044 3159 2244 3253; x_wconf 91' lang='lat' dir='ltr'><strong>quod</strong></span> <span class='ocrx_word' id='word_1_144' title='bbox 2306 3159 2520 3233; x_wconf 88' lang='lat' dir='ltr'><strong>stabit</strong></span> <span class='ocrx_word' id='word_1_145' title='bbox 2582 3159 2757 3232; x_wconf 88' lang='lat' dir='ltr'><strong>satis</strong></span> <span class='ocrx_word' id='word_1_146' title='bbox 2815 3158 2985 3253; x_wconf 88' lang='lat' dir='ltr'><strong>alta,</strong></span> <span class='ocrx_word' id='word_1_147' title='bbox 3046 3157 3173 3232; x_wconf 90' lang='lat' dir='ltr'><strong>sed</strong></span> <span class='ocrx_word' id='word_1_148' title='bbox 3234 3177 3382 3230; x_wconf 91' lang='lat' dir='ltr'><strong>non</strong></span> <span class='ocrx_word' id='word_1_149' title='bbox 3448 3157 3663 3232; x_wconf 88' lang='lat' dir='ltr'><strong>nimis</strong></span> <span class='ocrx_word' id='word_1_150' title='bbox 3692 3151 3793 3252; x_wconf 82' lang='lat'><strong>(¹),</strong></span> 
     </span>
     <span class='ocr_line' id='line_1_20' title="bbox 1445 3277 3795 3376; baseline 0.001 -24"><span class='ocrx_word' id='word_1_151' title='bbox 1445 3277 1546 3353; x_wconf 82' lang='lat' dir='ltr'><strong>ila</strong></span> <span class='ocrx_word' id='word_1_152' title='bbox 1597 3279 1793 3372; x_wconf 87' lang='lat' dir='ltr'><strong>quod</strong></span> <span class='ocrx_word' id='word_1_153' title='bbox 1844 3279 1903 3352; x_wconf 91' lang='lat' dir='ltr'><strong>si</strong></span> <span class='ocrx_word' id='word_1_154' title='bbox 1968 3287 2188 3354; x_wconf 85' lang='lat' dir='ltr'><strong>autor</strong></span> <span class='ocrx_word' id='word_1_155' title='bbox 2248 3279 2419 3354; x_wconf 91' lang='lat' dir='ltr'><strong>dicit</strong></span> <span class='ocrx_word' id='word_1_156' title='bbox 2486 3279 2683 3374; x_wconf 89' lang='lat' dir='ltr'><strong>quod</strong></span> <span class='ocrx_word' id='word_1_157' title='bbox 2744 3285 2947 3354; x_wconf 81' lang='lat' dir='ltr'><strong>costa</strong></span> <span class='ocrx_word' id='word_1_158' title='bbox 3008 3278 3277 3353; x_wconf 89' lang='lat' dir='ltr'><strong>montis</strong></span> <span class='ocrx_word' id='word_1_159' title='bbox 3339 3286 3500 3353; x_wconf 90' lang='lat' dir='ltr'><strong>erat</strong></span> <span class='ocrx_word' id='word_1_160' title='bbox 3564 3280 3795 3376; x_wconf 89' lang='lat' dir='ltr'><strong>magis</strong></span> 
     </span>
     <span class='ocr_line' id='line_1_21' title="bbox 1445 3398 3795 3495; baseline 0.001 -22"><span class='ocrx_word' id='word_1_161' title='bbox 1445 3400 1768 3494; x_wconf 86' lang='lat' dir='ltr'><strong>superba</strong></span> <span class='ocrx_word' id='word_1_162' title='bbox 1809 3421 2034 3495; x_wconf 88' lang='lat' dir='ltr'><strong>quam</strong></span> <span class='ocrx_word' id='word_1_163' title='bbox 2073 3399 2265 3476; x_wconf 89' lang='lat' dir='ltr'><strong>linea</strong></span> <span class='ocrx_word' id='word_1_164' title='bbox 2314 3401 2471 3494; x_wconf 88' lang='lat' dir='ltr'><strong>ista,</strong></span> <span class='ocrx_word' id='word_1_165' title='bbox 2508 3400 2667 3475; x_wconf 83' lang='lat' dir='ltr'><strong>vult</strong></span> <span class='ocrx_word' id='word_1_166' title='bbox 2700 3398 2946 3475; x_wconf 89' lang='lat' dir='ltr'><strong>dicere</strong></span> <span class='ocrx_word' id='word_1_167' title='bbox 2981 3398 3054 3473; x_wconf 90' lang='lat' dir='ltr'><strong>in</strong></span> <span class='ocrx_word' id='word_1_168' title='bbox 3089 3398 3357 3475; x_wconf 81' lang='lat' dir='ltr'><strong>effectu</strong></span> <span class='ocrx_word' id='word_1_169' title='bbox 3401 3399 3599 3495; x_wconf 90' lang='lat' dir='ltr'><strong>quod</strong></span> <span class='ocrx_word' id='word_1_170' title='bbox 3634 3407 3795 3475; x_wconf 89' lang='lat' dir='ltr'><strong>erat</strong></span> 
     </span>
     <span class='ocr_line' id='line_1_22' title="bbox 1443 3520 3795 3614; baseline 0 -21"><span class='ocrx_word' id='word_1_171' title='bbox 1443 3520 1764 3593; x_wconf 91' lang='lat' dir='ltr'><strong>multum</strong></span> <span class='ocrx_word' id='word_1_172' title='bbox 1817 3521 2124 3595; x_wconf 84' lang='lat' dir='ltr'><strong>difficilis</strong></span> <span class='ocrx_word' id='word_1_173' title='bbox 2173 3522 2267 3596; x_wconf 89' lang='lat' dir='ltr'><strong>ad</strong></span> <span class='ocrx_word' id='word_1_174' title='bbox 2328 3522 2895 3614; x_wconf 89' lang='lat' dir='ltr'><strong>ascendendum,</strong></span> <span class='ocrx_word' id='word_1_175' title='bbox 2948 3520 3072 3595; x_wconf 91' lang='lat' dir='ltr'><strong>sed</strong></span> <span class='ocrx_word' id='word_1_176' title='bbox 3136 3540 3279 3594; x_wconf 92' lang='lat' dir='ltr'><strong>non</strong></span> <span class='ocrx_word' id='word_1_177' title='bbox 3344 3526 3593 3595; x_wconf 87' lang='lat' dir='ltr'><strong>tamen</strong></span> <span class='ocrx_word' id='word_1_178' title='bbox 3655 3520 3795 3594; x_wconf 91' lang='lat' dir='ltr'><strong>im-</strong></span> 
     </span>
     <span class='ocr_line' id='line_1_23' title="bbox 1443 3640 3793 3736; baseline 0.001 -23"><span class='ocrx_word' id='word_1_179' title='bbox 1443 3640 1820 3736; x_wconf 79' lang='lat' dir='ltr'><strong>possibiliS‚</strong></span> <span class='ocrx_word' id='word_1_180' title='bbox 1861 3641 2051 3716; x_wconf 90' lang='lat' dir='ltr'><strong>sicut</strong></span> <span class='ocrx_word' id='word_1_181' title='bbox 2101 3647 2307 3736; x_wconf 86' lang='lat' dir='ltr'><strong>potes</strong></span> <span class='ocrx_word' id='word_1_182' title='bbox 2356 3643 2557 3717; x_wconf 87' lang='lat' dir='ltr'><strong>clare</strong></span> <span class='ocrx_word' id='word_1_183' title='bbox 2608 3640 2859 3716; x_wconf 78' lang='lat' dir='ltr'><strong>videre</strong></span> <span class='ocrx_word' id='word_1_184' title='bbox 2899 3640 2973 3713; x_wconf 90' lang='lat' dir='ltr'><strong>in</strong></span> <span class='ocrx_word' id='word_1_185' title='bbox 3016 3640 3251 3736; x_wconf 86' lang='lat' dir='ltr'><strong>figura</strong></span> <span class='ocrx_word' id='word_1_186' title='bbox 3296 3640 3415 3715; x_wconf 87' lang='lat' dir='ltr'><strong>hic</strong></span> <span class='ocrx_word' id='word_1_187' title='bbox 3462 3661 3509 3714; x_wconf 92' lang='lat' dir='ltr'><strong>a</strong></span> <span class='ocrx_word' id='word_1_188' title='bbox 3562 3641 3793 3715; x_wconf 89' lang='lat' dir='ltr'><strong>latere</strong></span> 
     </span>
     <span class='ocr_line' id='line_1_24' title="bbox 1445 3752 3792 3857; baseline 0 -24"><span class='ocrx_word' id='word_1_189' title='bbox 1445 3761 1676 3856; x_wconf 88' lang='lat' dir='ltr'><strong>posita</strong></span> <span class='ocrx_word' id='word_1_190' title='bbox 1707 3752 1804 3854; x_wconf 81' lang='lat'>(²).</span> <span class='ocrx_word' id='word_1_191' title='bbox 1832 3766 2052 3835; x_wconf 86' lang='lat' dir='ltr'><strong>—Io.</strong></span> <span class='ocrx_word' id='word_1_192' title='bbox 2113 3762 2246 3837; x_wconf 91' lang='lat' dir='ltr'><strong>Hic</strong></span> <span class='ocrx_word' id='word_1_193' title='bbox 2308 3768 2523 3857; x_wconf 88' lang='lat' dir='ltr'><strong>poeta</strong></span> <span class='ocrx_word' id='word_1_194' title='bbox 2586 3759 2930 3837; x_wconf 87' lang='lat' dir='ltr'><strong>describit</strong></span> <span class='ocrx_word' id='word_1_195' title='bbox 2985 3759 3486 3835; x_wconf 89' lang='lat' dir='ltr'><strong>lassitudinem</strong></span> <span class='ocrx_word' id='word_1_196' title='bbox 3554 3782 3792 3856; x_wconf 88' lang='lat' dir='ltr'><strong>suam,</strong></span> 
     </span>
     <span class='ocr_line' id='line_1_25' title="bbox 1445 3870 3795 3975; baseline 0.001 -21"><span class='ocrx_word' id='word_1_197' title='bbox 1445 3900 1672 3975; x_wconf 85' lang='lat' dir='ltr'><strong>quam</strong></span> <span class='ocrx_word' id='word_1_198' title='bbox 1727 3880 1798 3955; x_wconf 91' lang='lat' dir='ltr'><strong>in</strong></span> <span class='ocrx_word' id='word_1_199' title='bbox 1851 3881 2055 3956; x_wconf 86' lang='lat' dir='ltr'><strong>brevi</strong></span> <span class='ocrx_word' id='word_1_200' title='bbox 2107 3882 2472 3958; x_wconf 84' lang='lat' dir='ltr'><strong>contraxit</strong></span> <span class='ocrx_word' id='word_1_201' title='bbox 2522 3901 2615 3956; x_wconf 86' lang='lat' dir='ltr'><strong>ex</strong></span> <span class='ocrx_word' id='word_1_202' title='bbox 2669 3881 2932 3955; x_wconf 91' lang='lat' dir='ltr'><strong>itinere</strong></span> <span class='ocrx_word' id='word_1_203' title='bbox 2980 3880 3119 3955; x_wconf 86' lang='lat' dir='ltr'><strong>isto</strong></span> <span class='ocrx_word' id='word_1_204' title='bbox 3170 3900 3339 3954; x_wconf 90' lang='lat' dir='ltr'><strong>cum</strong></span> <span class='ocrx_word' id='word_1_205' title='bbox 3376 3870 3451 3972; x_wconf 74' lang='lat'><strong>(³)</strong></span> <span class='ocrx_word' id='word_1_206' title='bbox 3494 3880 3795 3956; x_wconf 90' lang='lat' dir='ltr'><strong>consilio</strong></span> 
     </span>
     <span class='ocr_line' id='line_1_26' title="bbox 1444 3998 3795 4099; baseline -0.001 -24"><span class='ocrx_word' id='word_1_207' title='bbox 1444 4000 1746 4099; x_wconf 81' lang='lat' dir='ltr'><strong>Virgilii,</strong></span> <span class='ocrx_word' id='word_1_208' title='bbox 1797 4001 2084 4078; x_wconf 87' lang='lat' dir='ltr'><strong>dicens:</strong></span> <span class='ocrx_word' id='word_1_209' title='bbox 2138 4007 2222 4077; x_wconf 90' lang='grc' dir='ltr'><strong>Ιο</strong></span> <span class='ocrx_word' id='word_1_210' title='bbox 2270 4025 2401 4077; x_wconf 84' lang='lat' dir='ltr'><strong>era</strong></span> <span class='ocrx_word' id='word_1_211' title='bbox 2452 4006 2666 4096; x_wconf 81' lang='lat' dir='ltr'><strong>lasso,</strong></span> <span class='ocrx_word' id='word_1_212' title='bbox 2706 4001 2975 4077; x_wconf 87' lang='lat' dir='ltr'><strong>scilicet</strong></span> <span class='ocrx_word' id='word_1_213' title='bbox 3025 3999 3239 4075; x_wconf 87' lang='lat' dir='ltr'><strong>valde</strong></span> <span class='ocrx_word' id='word_1_214' title='bbox 3288 3998 3456 4093; x_wconf 89' lang='lat' dir='ltr'><strong>cito,</strong></span> <span class='ocrx_word' id='word_1_215' title='bbox 3509 4002 3795 4092; x_wconf 80' lang='lat' dir='ltr'><strong>quando</strong></span> 
     </span>
     <span class='ocr_line' id='line_1_27' title="bbox 1443 4118 3829 4218; baseline -0.001 -23"><span class='ocrx_word' id='word_1_216' title='bbox 1443 4123 1911 4212; x_wconf 79' lang='lat' dir='ltr'><strong>incominciai,</strong></span> <span class='ocrx_word' id='word_1_217' title='bbox 1975 4124 2269 4218; x_wconf 86' lang='lat' dir='ltr'><strong>scilicet,</strong></span> <span class='ocrx_word' id='word_1_218' title='bbox 2330 4123 2577 4198; x_wconf 86' lang='lat' dir='ltr'><strong>dicere</strong></span> <span class='ocrx_word' id='word_1_219' title='bbox 2627 4122 2927 4218; x_wconf 86' lang='lat' dir='ltr'><strong>Virgilio</strong></span> <span class='ocrx_word' id='word_1_220' title='bbox 2990 4119 3119 4214; x_wconf 86' lang='lat' dir='ltr'><strong>qui</strong></span> <span class='ocrx_word' id='word_1_221' title='bbox 3176 4118 3393 4193; x_wconf 87' lang='lat' dir='ltr'><strong>nimis</strong></span> <span class='ocrx_word' id='word_1_222' title='bbox 3457 4120 3829 4195; x_wconf 85' lang='lat' dir='ltr'><strong>celeriter·</strong></span> 
     </span>
     <span class='ocr_line' id='line_1_28' title="bbox 1447 4239 3794 4339; baseline 0 -23"><span class='ocrx_word' id='word_1_223' title='bbox 1447 4243 1889 4339; x_wconf 85' lang='lat' dir='ltr'><strong>procedebat</strong></span> <span class='ocrx_word' id='word_1_224' title='bbox 1939 4242 2010 4316; x_wconf 88' lang='lat' dir='ltr'><strong>in</strong></span> <span class='ocrx_word' id='word_1_225' title='bbox 2065 4242 2221 4318; x_wconf 87' lang='lat' dir='ltr'><strong>via:</strong></span> <span class='ocrx_word' id='word_1_226' title='bbox 2286 4248 2347 4316; x_wconf 91' lang='lat'><em>0</em></span> <span class='ocrx_word' id='word_1_227' title='bbox 2395 4246 2591 4316; x_wconf 82' lang='lat' dir='ltr'><strong>dolce</strong></span> <span class='ocrx_word' id='word_1_228' title='bbox 2628 4244 2891 4336; x_wconf 81' lang='lat' dir='ltr'><strong>padre,</strong></span> <span class='ocrx_word' id='word_1_229' title='bbox 2934 4243 3199 4333; x_wconf 73' lang='lat' dir='ltr'><strong>volyiti,</strong></span> <span class='ocrx_word' id='word_1_230' title='bbox 3248 4239 3520 4314; x_wconf 87' lang='lat' dir='ltr'><strong>scilicet</strong></span> <span class='ocrx_word' id='word_1_231' title='bbox 3571 4246 3794 4335; x_wconf 89' lang='lat' dir='ltr'><strong>retr0,</strong></span> 
     </span>
     <span class='ocr_line' id='line_1_29' title="bbox 1445 4359 3795 4457; baseline -0.001 -20"><span class='ocrx_word' id='word_1_232' title='bbox 1445 4385 1485 4437; x_wconf 80' lang='lat' dir='ltr'><strong>e</strong></span> <span class='ocrx_word' id='word_1_233' title='bbox 1530 4367 1789 4437; x_wconf 79' lang='lat' dir='ltr'><strong>rimira</strong></span> <span class='ocrx_word' id='word_1_234' title='bbox 1837 4365 2014 4437; x_wconf 85' lang='lat' dir='ltr'><strong>com&#39;</strong></span> <span class='ocrx_word' id='word_1_235' title='bbox 2038 4367 2108 4439; x_wconf 77' lang='lat' dir='ltr'><strong>io</strong></span> <span class='ocrx_word' id='word_1_236' title='bbox 2155 4366 2491 4457; x_wconf 74' lang='lat' dir='ltr'><strong>rimanyo</strong></span> <span class='ocrx_word' id='word_1_237' title='bbox 2537 4367 2671 4454; x_wconf 84' lang='lat' dir='ltr'><strong>sol,</strong></span> <span class='ocrx_word' id='word_1_238' title='bbox 2708 4362 2863 4437; x_wconf 89' lang='lat' dir='ltr'><strong>sine</strong></span> <span class='ocrx_word' id='word_1_239' title='bbox 2898 4368 2994 4456; x_wconf 85' lang='lat' dir='ltr'><strong>te,</strong></span> <span class='ocrx_word' id='word_1_240' title='bbox 3028 4383 3103 4435; x_wconf 81' lang='lat' dir='ltr'><strong>se</strong></span> <span class='ocrx_word' id='word_1_241' title='bbox 3136 4382 3283 4434; x_wconf 83' lang='lat' dir='ltr'><strong>non</strong></span> <span class='ocrx_word' id='word_1_242' title='bbox 3322 4364 3552 4452; x_wconf 68' lang='grc' dir='ltr'><strong>ήειαί,</strong></span> <span class='ocrx_word' id='word_1_243' title='bbox 3588 4359 3795 4456; x_wconf 84' lang='lat' dir='ltr'><strong>idest,</strong></span> 
     </span>
    </p>
   </div>
   <div class='ocr_carea' id='block_1_4' title="bbox 1610 4620 1627 4679">
    <p class='ocr_par' dir='ltr' id='par_1_4' title="bbox 1610 4620 1627 4679">
     <span class='ocr_line' id='line_1_30' title="bbox 1610 4620 1627 4679; baseline 0 0"><span class='ocrx_word' id='word_1_244' title='bbox 1610 4620 1627 4679; x_wconf 89' lang='grc'><strong>)</strong></span> 
     </span>
    </p>
   </div>
   <div class='ocr_carea' id='block_1_5' title="bbox 1570 4613 2468 4753">
    <p class='ocr_par' dir='ltr' id='par_1_5' title="bbox 1570 4613 2468 4753">
     <span class='ocr_line' id='line_1_31' title="bbox 1570 4613 2468 4753; baseline -0.001 -86"><span class='ocrx_word' id='word_1_245' title='bbox 1570 4613 1629 4753; x_wconf 55' lang='lat' dir='ltr'><strong>g)</strong></span> <span class='ocrx_word' id='word_1_246' title='bbox 1659 4614 1719 4742; x_wconf 58' lang='grc' dir='ltr'><strong>ξ.</strong></span> <span class='ocrx_word' id='word_1_247' title='bbox 1751 4614 1903 4665; x_wconf 78' lang='lat' dir='ltr'><strong>nimis</strong></span> <span class='ocrx_word' id='word_1_248' title='bbox 1933 4614 2172 4677; x_wconf 72' lang='lat' dir='ltr'><strong>superba,</strong></span> <span class='ocrx_word' id='word_1_249' title='bbox 2208 4616 2278 4666; x_wconf 69' lang='lat' dir='ltr'><strong>ita</strong></span> <span class='ocrx_word' id='word_1_250' title='bbox 2310 4616 2468 4680; x_wconf 84' lang='lat' dir='ltr'><strong>qnod.</strong></span> 
     </span>
    </p>
   </div>
   <div class='ocr_carea' id='block_1_6' title="bbox 1691 4688 3608 4757">
    <p class='ocr_par' dir='ltr' id='par_1_6' title="bbox 1691 4688 3608 4757">
     <span class='ocr_line' id='line_1_32' title="bbox 1691 4688 3608 4757; baseline -0.003 -15"><span class='ocrx_word' id='word_1_251' title='bbox 1691 4690 1756 4742; x_wconf 80' lang='lat' dir='ltr'><strong>&#39;el</strong></span> <span class='ocrx_word' id='word_1_252' title='bbox 1787 4690 1974 4743; x_wconf 83' lang='lat' dir='ltr'><strong>Codice</strong></span> <span class='ocrx_word' id='word_1_253' title='bbox 2007 4692 2223 4743; x_wconf 73' lang='lat' dir='ltr'><strong>Estense</strong></span> <span class='ocrx_word' id='word_1_254' title='bbox 2256 4694 2305 4743; x_wconf 79' lang='lat' dir='ltr'><strong>vi</strong></span> <span class='ocrx_word' id='word_1_255' title='bbox 2336 4696 2368 4743; x_wconf 81' lang='lat' dir='ltr'><strong>e</strong></span> <span class='ocrx_word' id='word_1_256' title='bbox 2398 4694 2453 4743; x_wconf 85' lang='lat' dir='ltr'><strong>in</strong></span> <span class='ocrx_word' id='word_1_257' title='bbox 2485 4698 2669 4757; x_wconf 78' lang='lat' dir='ltr'><strong>questo</strong></span> <span class='ocrx_word' id='word_1_258' title='bbox 2702 4696 2865 4755; x_wconf 83' lang='lat' dir='ltr'><strong>punto</strong></span> <span class='ocrx_word' id='word_1_259' title='bbox 2896 4690 2948 4742; x_wconf 77' lang='lat' dir='ltr'><strong>la</strong></span> <span class='ocrx_word' id='word_1_260' title='bbox 2980 4690 3145 4756; x_wconf 75' lang='lat' dir='ltr'><strong>figura</strong></span> <span class='ocrx_word' id='word_1_261' title='bbox 3178 4692 3285 4740; x_wconf 74' lang='lat' dir='ltr'><strong>cosi</strong></span> <span class='ocrx_word' id='word_1_262' title='bbox 3316 4688 3572 4739; x_wconf 71' lang='lat' dir='ltr'><strong>delineata</strong></span> <span class='ocrx_word' id='word_1_263' title='bbox 3590 4700 3608 4737; x_wconf 74' lang='lat' dir='ltr'>z</span> 
     </span>
    </p>
   </div>
   <div class='ocr_carea' id='block_1_7' title="bbox 1569 5104 2221 5170">
    <p class='ocr_par' dir='ltr' id='par_1_7' title="bbox 1569 5104 2221 5170">
     <span class='ocr_line' id='line_1_33' title="bbox 1569 5104 2221 5170; baseline 0 -13"><span class='ocrx_word' id='word_1_264' title='bbox 1569 5104 1628 5170; x_wconf 83' lang='lat'><strong>(⁸)</strong></span> <span class='ocrx_word' id='word_1_265' title='bbox 1661 5105 1724 5157; x_wconf 81' lang='lat' dir='ltr'><strong>E.</strong></span> <span class='ocrx_word' id='word_1_266' title='bbox 1755 5110 1810 5157; x_wconf 80' lang='lat' dir='ltr'><strong>et</strong></span> <span class='ocrx_word' id='word_1_267' title='bbox 1837 5118 1960 5156; x_wconf 83' lang='lat' dir='ltr'><strong>cum</strong></span> <span class='ocrx_word' id='word_1_268' title='bbox 1987 5104 2221 5157; x_wconf 74' lang='lat' dir='ltr'><strong>consilio.</strong></span> 
     </span>
    </p>
   </div>
  </div>
 </body>
</html>
