4392 6850
1215 996 1495 1054 CAN-rus
1519 999 1858 1056 sinemus
1907 956 2278 1058 summus.
2773 991 2909 1057 461

572 1149 690 1218 tus
737 1143 830 1217 sit
877 1163 928 1218 a
974 1140 1338 1238 profundo
1389 1163 1649 1218 somno
1699 1164 1832 1240 per
1883 1165 2111 1220 unam
2155 1145 2475 1220 nobilem
2526 1163 2919 1242 eompara-

569 1263 877 1357 tionem3
927 1268 1004 1338 et
1053 1262 1214 1338 vult
1260 1263 1786 1340 sententialiter
1835 1264 2100 1359 dicere,
2153 1265 2353 1359 quod
2403 1265 2686 1342 accidit
2713 1285 2913 1340 nunc

569 1382 701 1460 sibi
751 1383 940 1456 sicut
989 1381 1380 1458 dormienti
1432 1382 1576 1460 fixe
1637 1384 1712 1457 in
1771 1403 2094 1480 camera,
2147 1385 2298 1479 qui,
2352 1385 2917 1481 superveniente
2965 1391 2971 1410 “

572 1504 737 1580 forti
788 1502 1176 1598 splendore
1221 1502 1392 1578 solis
1441 1523 1574 1599 per
1625 1505 2044 1600 fenestram,
2081 1513 2155 1582 et
2195 1507 2668 1602 percutiente
2684 1507 2769 1580 'in
2804 1506 2916 1580 sa-

569 1625 754 1700 ciem
807 1643 1046 1718 suam,
1097 1623 1340 1700 subito
1389 1625 1755 1702 excitatur
1804 1631 2002 1702 totus
2055 1628 2355 1702 territus
2381 1623 2499 1722 (¹);
2551 1628 2651 1702 ita
2713 1646 2915 1702 nunc

570 1745 699 1818 lux
749 1744 990 1840 angeli
1042 1745 1442 1820 vehemens
1493 1745 1840 1820 excitavit
1889 1745 2130 1840 ipsum
2194 1746 2683 1824 dormientem
2736 1767 2911 1821 cum

571 1872 880 1942 terrore.
943 1864 1126 1939 Dicit
1187 1883 1408 1960 ergo:
1485 1869 1692 1940 Come
1736 1869 1800 1940 si
1849 1869 2136 1960 ftanye,
2202 1865 2409 1962 idest,
2466 1866 2911 1959 dissolvitur,

569 1989 623 2062 il
663 2005 917 2077 senne,
950 2005 1080 2060 ove
1111 1987 1186 2058 di
1215 1986 1426 2075 boeto,
1475 1983 1682 2080 idest,
1717 1985 1981 2079 subite,
2015 2003 2253 2060 nuova
2286 1988 2457 2076 luce,
2499 1985 2763 2084 fugans
2796 1993 2909 2060 te-

570 2105 900 2200 nebram,
939 2112 1280 2198 permota
1311 2107 1368 2178 il
1397 2108 1546 2178 viso
1575 2107 1837 2197 cleia-30,
1871 2105 2076 2201 idest,
2115 2106 2546 2182 reverberet
2594 2105 2671 2180 in
2720 2125 2906 2180 ocu-

567 2227 674 2302 los
721 2227 1011 2302 clausos
1045 2247 1090 2302 a
1123 2245 1406 2320 somno,
1442 2228 1562 2300 che
1583 2231 1836 2322 fracto,
1871 2227 2076 2320 idest,
2113 2227 2240 2321 qui
2278 2247 2585 2302 somnus
2626 2233 2913 2322 ruptuS,

567 2351 852 2440 mazza,
901 2347 1105 2441 idest,
1158 2347 1516 2440 vibratur,
1560 2351 1731 2440 pria
1791 2349 1910 2422 clue
1965 2349 2203 2420 mnot'a
2262 2354 2457 2440 tutte,
2488 2347 2716 2441 idest,
2776 2368 2914 2422 an-

568 2476 868 2564 tequam
903 2467 1264 2543 moriatur
1295 2468 1370 2541 in
1407 2474 1684 2562 totum3
1721 2461 1888 2558 cosi,
1921 2488 1968 2543 a
2003 2467 2243 2562 simili,
2288 2470 2707 2560 rimayinar
2740 2471 2911 2561 mio,

568 2573 770 2682 idest,
823 2587 1248 2684 imaginatio
1299 2594 1372 2662 et
1421 2587 1813 2662 abstractio
1871 2587 2078 2661 fortis
2135 2587 2231 2662 ad
2282 2587 2587 2662 modum
2636 2588 2901 2682 somni,

568 2709 786 2782 cadde
829 2710 1059 2798 muse,
1109 2706 1314 2802 idest,
1365 2706 1649 2800 defecit,
1701 2713 1876 2780 tosto
1924 2709 2044 2780 che
2093 2707 2299 2798 lame,
2334 2706 2626 2801 scilicet,
2676 2727 2911 2804 ange-

567 2828 813 2921 licum,
864 2830 920 2902 il
963 2831 1146 2902 volto
1197 2830 1294 2901 mi
1332 2847 1682 2920 per-cosso,
1731 2827 2008 2919 lumen,
2074 2826 2261 2920 dico,
2320 2829 2651 2918 ma99ior
2712 2830 2911 2902 assai

567 2951 684 3022 che
733 2949 956 3039 quello
1003 2943 1163 3022 οΙιέἒ
1205 2950 1280 3020 in
1331 2953 1574 3022 nostro
1621 2967 1774 3038 use,
1827 2947 2045 3040 quale
2096 2953 2207 3022 est
2258 2948 2513 3022 lumen
2556 2947 2749 3040 solis,
2786 2947 2905 3022 vel

567 3066 1086 3162 quodcumque
1137 3067 1390 3140 lumen
1443 3073 1820 3160 nostrum3
1855 3066 2028 3159 quia
2067 3067 2375 3164 angelus
2416 3068 2613 3144 lucet
2664 3067 2907 3162 splen-

565 3187 798 3264 didius
847 3186 1047 3262 omni
1099 3186 1265 3261 luce
1317 3186 1708 3260 mundana.
1739 3227 1838 3240 —
1861 3191 1964 3260 Ιο.
2002 3186 2132 3262 Hic
2173 3193 2411 3282 poeta,
2454 3193 2749 3262 ostenso
2786 3187 2906 3261 lu-

567 3307 762 3384 mine
807 3305 1048 3403 angeli
1101 3325 1252 3400 quo
1302 3305 1436 3380 suit
1485 3306 1870 3400 excitatus,
1905 3306 2217 3381 ostendit
2261 3326 2519 3382 vocem
2572 3307 2902 3382 eiusdem

563 3448 710 3523 qua
760 3427 896 3501 fuit
954 3426 1300 3501 invitatus
1359 3427 1452 3501 ad
1511 3448 1776 3503 novam
1840 3426 2249 3502 materiam.
2308 3428 2515 3503 Unde
2562 3427 2767 3502 dicit:
2820 3432 2907 3501 Io

561 3553 658 3624 mi
703 3551 978 3639 voloea,
1014 3555 1394 3642 tamquam
1429 3548 1800 3641 attonitus,
1846 3568 1980 3640 per
2013 3550 2225 3621 veder
2258 3550 2451 3621 ov'io
2480 3552 2693 3643 fosse,
2730 3547 2905 3645 quia

561 3669 972 3744 nesciebam
1029 3690 1150 3743 me
1215 3689 1378 3747 esse
1423 3668 1500 3741 in
1565 3668 1712 3743 fine
1765 3668 1964 3743 'tertii
2028 3667 2285 3743 circuli
2348 3668 2903 3764 iracundorum,

561 3792 842 3882 quando
891 3810 1040 3865 una
1087 3802 1276 3879 voce,
1327 3789 1624 3882 scilicet,
1673 3788 2031 3885 angelica,
2085 3790 2355 3883 suavis,
2409 3810 2557 3865 non
2608 3790 2905 3867 terribi-

560 3909 644 3985 lis
693 3908 880 3983 sicut
931 3928 1078 3983 vox
1134 3908 1476 4004 Laviniae,
1528 3912 1752 3983 disse.-
1817 3913 1938 4001 qm·
1995 3912 2058 3981 si
2121 3916 2363 3983 monta
2380 3936 2413 4003 ;
2464 3911 2755 4005 scilicet,
2806 3910 2901 3985 ad

561 4036 910 4124 quartum
959 4030 1274 4126 gradum
1327 4029 1884 4123 accidiosorum,
1918 4032 2038 4103 che
2067 4032 2166 4105 da
2200 4033 2371 4123 oqui
2418 4032 2613 4105 alli-o
2638 4035 2897 4105 intento

561 4154 656 4223 mi
688 4153 1021 4241 rimosae,
1073 4150 1276 4245 idest,
1331 4172 1498 4245 quae
1547 4170 1692 4224 vox
1747 4150 2060 4225 removit
2111 4170 2234 4224 me
2288 4151 2589 4226 omnino
2632 4172 2680 4225 a
2738 4172 2904 4226 ma-

563 4270 742 4345 teria
795 4270 924 4345 irae
975 4271 1177 4366 prius
1227 4270 1502 4347 intenta
1530 4261 1634 4364 (²),
1683 4278 1758 4344 et
1806 4269 2156 4363 disposuit
2218 4270 2313 4345 ad
2380 4271 2602 4345 aliam
2666 4281 2903 4349 mate-
2966 4268 2973 4275 ’

561 4391 766 4467 riam.
819 4393 912 4466 Et
959 4392 1202 4467 subdit
1251 4390 1624 4485 quomodo
1673 4410 1766 4465 ex
1813 4410 1996 4465 voce
2028 4390 2265 4465 factus
2298 4397 2425 4465 oet·
2444 4391 2905 4467 avidissimus

561 4510 846 4586 videndi
906 4511 1360 4606 loquentem,
1429 4511 1488 4584 si
1547 4510 1738 4585 forte
1797 4509 2015 4605 possit
2043 4500 2118 4601 (³)
2187 4529 2633 4607 cognoscere
2700 4530 2901 4586 eum.

561 4631 764 4707 Unde
814 4631 1026 4706 dicit:
1079 4652 1117 4705 e
1161 4634 1308 4725 fece
1355 4634 1428 4705 la
1479 4634 1624 4705 mia
1673 4632 1908 4722 voylia
1957 4636 2149 4704 tanto
2193 4638 2485 4724 pronta,
2534 4632 2709 4726 quia
2760 4652 2905 4707 vox

562 4774 706 4829 non
755 4753 1062 4829 sonabat
1111 4753 1210 4825 hu
1219 4772 1460 4847 mana,
1512 4755 1587 4826 di
1632 4753 2030 4843 riquardar
2062 4754 2172 4825 clei
2202 4772 2331 4825 era
2380 4753 2501 4825 clue
2538 4756 2854 4847 par-lava
2875 4780 2909 4848 ‚-

561 4874 734 4969 quia
767 4873 958 4948 sicut
990 4874 1246 4947 lumen
1281 4872 1521 4969 angeli
1557 4879 1976 4949 excesserat
1999 4892 2223 4947 omne
2250 4874 2505 4970 lumen
2540 4880 2903 4971 nostrum,

682 5140 735 5201 (¹)
767 5137 830 5188 E.
861 5107 1156 5189 exterritus.
1405 5137 1460 5201 (²)
1494 5143 1602 5199 11⁷,
1634 5138 1890 5190 inchoata.
2137 5136 2193 5200 ‹⁸›
2228 5142 2337 5200 ιη,
2370 5144 2559 5205 pomi.
