4392 6850
1445 1003 1726 1060 cAN‘rus
1773 1003 2136 1073 QUARTUS.
2820 997 2959 1064 117

599 1169 755 1224 non
809 1149 1273 1224 intraverunt
1300 1140 1376 1242 (¹)
1427 1149 1621 1224 viam
1675 1149 1916 1243 istam,
1970 1151 2167 1226 unde
2210 1150 2419 1225 dicit:
2454 1173 2649 1226 come
2695 1156 2793 1227 da
2840 1157 2965 1227 noo·

595 1273 680 1344 ta
727 1273 1004 1344 selcia-a
1049 1273 1114 1344 si
1154 1262 1464 1364 par-tine,
1500 1270 1704 1364 idest,
1743 1292 1970 1364 quam
2025 1270 2170 1346 cito
2220 1272 2414 1348 acies
2461 1272 2752 1349 illarum
2802 1274 2963 1350 ani-

607 1411 936 1485 marum,
971 1399 1196 1485 quam
1249 1391 1566 1467 ducebat
1617 1411 1751 1466 rex
1806 1392 2242 1487 Mani‘reduS,
2280 1395 2580 1469 recessit
2630 1416 2673 1469 a
2726 1395 2959 1490 nobis,

601 1511 784 1605 quia
835 1517 1070 1606 potest
1138 1511 1390 1608 vagari
1455 1511 1654 1586 circa
1723 1518 2074 1608 montem,
2127 1513 2254 1588 sed
2319 1534 2467 1587 non
2518 1514 2820 1612 ingredi.
2870 1515 2961 1590 Et

610 1629 726 1704 hic
778 1638 950 1706 nota
1003 1638 1368 1725 quantum
1409 1631 1547 1705 ista
1583 1633 2062 1727 comparatio,
2096 1653 2265 1728 quae
2304 1632 2593 1708 videtur
2634 1641 2781 1708 tarn
2825 1655 2961 1710 ru·-

599 1749 809 1843 sfica,
861 1757 975 1826 est
1023 1751 1287 1846 civilis3
1343 1773 1510 1826 nam
1558 1758 1774 1848 poeta
1813 1760 2064 1827 noster
2099 1753 2300 1826 velut
2336 1752 2651 1828 rusticus
2686 1754 2961 1828 hucus-

613 1891 762 1966 que
813 1871 1052 1946 fuerat
1101 1871 1476 1968 sylvestris
1537 1879 1612 1947 et
1675 1869 2188 1947 ambulaverat
2238 1893 2369 1968 per
2419 1873 2727 1969 sylvam,
2778 1871 2963 1948 idest

613 1991 1004 2066 materiam
1057 1989 1402 2067 vitiorum
1455 2013 1820 2088 asperam,
1863 1992 2253 2087 incultam3
2292 2015 2487 2068 nunc
2536 2002 2787 2069 autem
2828 2015 2961 2070 vo·-

611 2111 812 2186 lebat
860 2112 1136 2186 intrare
1187 2113 1478 2186 vineam
1531 2115 1831 2207 cultam,
1881 2113 2088 2207 idest,
2133 2113 2519 2188 materiam
2574 2114 2959 2208 virtutum,

612 2230 687 2305 in
739 2253 887 2325 qua
939 2233 1172 2307 virtus
1223 2233 1465 2308 fuerat
1514 2233 1648 2308 sibi
1701 2233 1972 2308 acerba
2010 2234 2420 2327 hucusque,
2457 2234 2583 2309 sed
2622 2255 2817 2309 nunc
2850 2235 2963 2308 in-

603 2351 922 2447 cipiebat
969 2375 1194 2448 parva
1227 2345 1300 2446 (²)
1359 2355 1626 2430 rimula
1677 2354 1951 2430 sentire
2001 2355 2505 2430 maturitatem
2572 2361 2646 2430 et
2710 2354 2963 2430 dulce-

610 2471 855 2547 dinem
909 2473 1105 2568 eius;
1155 2474 1284 2549 sed
1336 2474 1578 2549 adhuc
1627 2474 1892 2568 aliquae
1951 2467 2175 2570 spinae
2234 2483 2705 2572 peccatorum
2756 2475 2961 2548 clau-

602 2591 882 2668 debant
929 2593 1064 2667 sibi
1116 2593 1338 2689 viam,
1389 2615 1560 2689 quae
1607 2595 1705 2669 ab
1757 2595 1956 2670 initio
2017 2595 2309 2670 videtur
2375 2597 2584 2672 valde
2632 2603 2835 2671 arcta
2887 2602 2963 2670 et

605 2713 870 2807 ardua,
921 2721 1008 2786 ut
1057 2714 1249 2788 bene
1286 2715 1444 2809 jam
1496 2713 1774 2790 dictum
1833 2722 1968 2812 est,
2019 2716 2146 2790 sed
2212 2715 2475 2791 melius
2536 2723 2611 2791 et
2678 2715 2961 2811 plenius

613 2831 942 2928 tangitur
991 2832 1066 2907 in
1119 2833 1254 2908 isto
1303 2834 1643 2929 capitulo.
1695 2835 1880 2919 Nota
1939 2835 2161 2910 etiam
2224 2836 2421 2930 quod
2482 2835 2597 2910 hic
2646 2843 2759 2910 est
2808 2833 2959 2929 pri-

619 2969 782 3026 mus
841 2953 1218 3049 ingressus
1275 2953 1565 3048 montis,
1617 2954 1712 3030 de
1769 2975 1918 3048 quo
1969 2963 2183 3049 poeta
2246 2956 2567 3030 breviter
2632 2957 2790 3030 vult
2846 2955 2961 3028 di·-

601 3093 804 3164 cere,
855 3073 1056 3168 quod
1109 3074 1276 3150 licet
1323 3074 1664 3148 introitus
1717 3075 1950 3150 viueae
2009 3076 2100 3149 sit
2157 3075 2465 3150 difficilis
2524 3074 2618 3150 ad
2675 3075 2957 3149 intran-

609 3192 790 3269 dum
872 3193 998 3268 tali
1073 3200 1438 3291 tempore,
1511 3204 1757 3270 tamen
1832 3195 1968 3270 iste
2041 3195 2382 3272 introitus
2458 3195 2723 3270 montis
2798 3201 2959 3270 erat

607 3314 968 3390 difficilior
1001 3315 1158 3390 sine
1197 3317 1768 3413 comparatione,
1807 3323 1891 3390 ut
1923 3316 2164 3390 statim
2204 3305 2729 3391 monstrabunt
2750 3336 2962 3391 com·-

612 3436 1030 3533 parationes
1079 3444 1493 3531 sequentes,
1521 3478 1621 3491 —
1663 3440 1860 3511 Vassi
1903 3442 1980 3511 in
2037 3442 2315 3511 Sauleo.
2378 3438 2507 3511 Hic
2558 3442 2771 3532 poeta
2824 3456 2959 3511 no-

611 3564 766 3632 ster
799 3557 1110 3651 explicat
1142 3558 1644 3633 difficultatem
1683 3564 1760 3633 et
1789 3558 2259 3653 asperitatem
2304 3558 2509 3633 istius
2538 3549 2613 3651 (³)
2646 3558 2784 3632 loci
2826 3577 2959 3653 per

607 3678 1200 3773 comparationes
1242 3678 1678 3775 pulcriores3
1715 3685 1791 3753 et
1828 3677 2115 3754 videtur
2142 3667 2219 3771 (⁴)
2250 3680 2436 3753 velle
2468 3678 2716 3753 dicere
2748 3698 2958 3751 sum·-

613 3799 890 3875 marie:
939 3799 1000 3873 si
1051 3800 1241 3876 bene
1288 3800 1616 3897 recogito
1667 3806 1742 3875 et
1794 3800 2094 3874 revolvo
2130 3800 2203 3873 in
2248 3806 2497 3874 mente
2542 3819 2735 3895 mea,
2770 3818 2961 3873 nun-

609 3940 842 4015 quam
897 3920 1136 4015 reperi
1187 3920 1262 3993 in
1317 3921 1592 3995 mundo
1643 3927 1894 3995 nostro
1927 3920 2250 4017 aliquem
2298 3921 2547 3995 locum
2599 3920 2697 3993 ita
2746 3940 2961 4015 aspe—

613 4060 812 4135 rum,
863 4041 954 4115 ad
1009 4060 1234 4135 quem
1305 4062 1452 4116 non
1520 4042 1740 4137 possit
1803 4041 1958 4115 fieri
2027 4062 2377 4117 ascensus
2436 4048 2511 4117 et
2569 4040 2959 4115 descensus

606 4161 865 4256 aliquo
915 4162 1158 4237 modo.
1211 4163 1392 4237 Nam
1431 4183 1603 4237 cum
1638 4162 1945 4258 pedibus
1979 4162 2130 4236 itur
2173 4162 2248 4236 in
2290 4183 2586 4238 omnem
2630 4168 2959 4238 montem

609 4283 1047 4359 altissimum
1099 4283 1365 4377 ltaliae3
1433 4284 1560 4360 sed
1627 4284 1718 4358 ad
1795 4284 2016 4358 istum
2071 4304 2219 4357 non
2296 4284 2667 4358 sufficiunt
2742 4283 2963 4381 pedes

615 4410 689 4479 et
741 4424 1009 4477 manus
1075 4403 1231 4479 sine
1295 4403 1448 4478 alis.
1503 4403 1686 4477 Dicit
1736 4424 1966 4499 ergo:
2027 4408 2219 4477 vassi
2282 4408 2358 4477 in
2418 4407 2701 4495 Saulem,
2754 4404 2959 4499 idest,

607 4523 1029 4599 ascenditur
1061 4524 1160 4598 ab
1194 4523 1492 4599 homine
1521 4522 1834 4599 vivente.
1872 4522 1980 4598 Ad
2011 4515 2086 4617 (⁵)
2123 4525 2321 4621 quod
2349 4524 2725 4599 sciendum
2764 4524 2963 4619 quod

609 4643 922 4719 Sanctus
971 4644 1120 4719 Leo
1171 4650 1284 4719 est
1333 4644 1584 4717 civitas
1634 4645 2131 4719 Romandiolae
2177 4645 2251 4718 in
2292 4646 2773 4739 Montefeltro,
2798 4646 2961 4741 jam

607 4764 786 4839 satis
835 4764 1124 4841 deserta
1181 4772 1513 4861 tempore
1567 4754 1788 4842 nostri
1840 4774 2099 4861 poetae,
2135 4772 2211 4840 et
2254 4765 2464 4839 hodie
2499 4767 2695 4859 plus3
2735 4766 2809 4839 in
2851 4767 2964 4842 al·-

616 4884 893 4959 tissimo
956 4892 1206 4961 monte
1268 4886 1426 4980 sita,
1481 4885 1852 4960 montibus
1914 4885 2281 4960 altissimis
2337 4886 2753 4982 aggregatis
2818 4888 2964 4961 cir-

737 5074 790 5135 (')
823 5072 884 5122 Ε.
916 5073 1252 5126 intraverant.
1505 5072 1562 5139 (⁹)
1595 5074 1645 5126 S.
1681 5075 1897 5139 parvula
1930 5074 2138 5126 rimula.
2390 5072 2443 5135 (⁸)
2476 5074 2536 5125 E.
2572 5074 2742 5124 huius.

739 5148 794 5212 (⁸)
827 5150 890 5200 Β.
924 5150 1128 5201 videtur
1159 5152 1350 5204 dicero.
1397 5218 1408 5236 .
1508 5152 1562 5214 (⁸)
1597 5156 1706 5213 11¹1.
1739 5152 1846 5203 Hic
1873 5158 1996 5202 nota
2027 5152 2168 5217 quod
2198 5152 2417 5202 Sanctus
2448 5152 2571 5202 Leo.
