4392 6850
1407 979 1682 1037 murus
1733 975 2095 1038 sumnus.
2784 969 2927 1036 205

581 1129 813 1218 leym,
863 1123 1069 1218 idest,
1121 1123 1346 1198 arbor
1395 1123 1488 1199 de
1535 1125 1758 1222 India,
1795 1127 1968 1221 quia
2015 1127 2089 1201 in
2137 1125 2335 1202 India
2386 1133 2499 1202 est
2549 1125 2928 1222 multiplex

578 1266 816 1344 genus
864 1245 1220 1319 arborum
1274 1243 1738 1320 diversorum
1791 1246 2149 1342 colorum,
2214 1266 2401 1340 quos
2449 1251 2560 1321 est
2609 1245 2929 1320 delecta-

465 1367 474 1378 ‘
579 1365 722 1441 hile
782 1365 1059 1460 videre,
1138 1366 1366 1438 lucido
1433 1387 1472 1438 e
1537 1387 1812 1459 serena,
1889 1367 2094 1461 idest,
2145 1368 2401 1462 pulcer
2466 1367 2669 1442 color
2735 1365 2929 1440 aeris

580 1485 746 1582 puri
811 1485 1076 1580 sereni,
1153 1485 1281 1580 qui
1345 1492 1457 1561 est
1529 1486 2203 1562 delectabilissimus
2268 1487 2596 1583 aspectui
2669 1487 2927 1562 oculo-

580 1628 776 1701 rum,
820 1612 1056 1702 fresco
1104 1608 1486 1700 smeraldo,
1537 1607 1719 1703 lapis
1759 1607 2122 1704 pretiosus
2154 1607 2403 1683 viridis
2436 1607 2723 1703 coloriS,
2764 1628 2925 1683 ma-

582 1726 780 1802 xime
828 1747 1002 1802 cum
1056 1726 1456 1824 frangitur3
1508 1727 1757 1804 omnia
1805 1729 1961 1803 haec
2013 1734 2087 1803 θῖ
2138 1727 2424 1823 similia,
2458 1732 2646 1821 posti
2674 1731 2924 1803 dentre

579 1870 628 1923 a
686 1850 846 1940 quel
899 1868 1094 1939 senc,
1145 1847 1352 1942 idest,
1405 1855 1807 1946 aggregata
1866 1847 2085 1923 simul
2152 1849 2345 1924 intra
2406 1849 2614 1923 illum
2676 1849 2921 1924 locum

579 1988 948 2064 capacem,
1001 1986 1434 2062 concavum,
1483 1969 1676 2041 seria
1741 1971 1928 2041 υἰηίο
1977 1971 2261 2042 ciascun
2309 1971 2385 2042 di
2437 1970 2659 2061 color,
2712 1966 2919 2062 idest,

580 2089 656 2163 in
708 2089 975 2183 colore,
1026 2091 1124 2162 da
1174 2089 1219 2160 l’
1237 2088 1408 2161 erba
1455 2109 1494 2160 e
1541 2089 1718 2161 dalla·
1756 2089 1947 2180 fiori,
1983 2088 2159 2182 quia
2209 2087 2482 2163 scilicet
2529 2088 2735 2163 color
2786 2087 2925 2160 mi-

582 2209 830 2284 rabilis
879 2208 1126 2283 herbae
1176 2213 1252 2286 et
1301 2208 1570 2282 florum
1626 2206 2092 2283 existentium
2155 2208 2277 2303 ibi,
2328 2215 2489 2283 erat
2550 2207 2789 2282 maior
2850 2213 2928 2283 et

578 2329 1050 2405 excellentior
1111 2328 1454 2404 omnibus
1514 2329 1881 2404 coloribus
1945 2328 2460 2424 praedictarum
2531 2347 2812 2422 rerum,
2874 2348 2921 2403 a

577 2449 811 2543 simili,
839 2470 1030 2522 come
1059 2451 1113 2522 il
1141 2469 1386 2522 mmor
1419 2441 1462 2522 θ’
1489 2451 1676 2524 vineo
1702 2451 1831 2524 dal
1861 2470 1990 2523 suo
2023 2451 2389 2541 mayqiore
2406 2475 2439 2543 ,·
2468 2449 2642 2544 quia
2677 2446 2919 2523 maius

577 2571 830 2644 lumen
885 2569 1196 2644 offuscat
1243 2569 1510 2645 minus.
1548 2569 1786 2664 Aliqui
1837 2575 2082 2644 tamen
2136 2569 2417 2664 volunt,
2470 2569 2666 2664 quod
2726 2589 2919 2666 prae-

577 2689 768 2765 dicta
840 2689 1198 2764 vocabula
1266 2695 1634 2784 ponantur
1699 2689 2014 2764 ablative
2084 2688 2158 2763 in
2224 2673 2763 2784 consequentia.
2834 2689 2921 2762 Et

580 2797 820 2883 subdit
866 2815 1105 2905 poeta,
1159 2809 1357 2903 quod
1408 2811 1604 2884 ultra
1666 2809 1876 2884 istam
1939 2808 2503 2904 pulcritudinem
2556 2811 2916 2905 colorum,

577 2929 676 3004 ihi
727 2936 888 3004 erat
937 2929 1287 3004 mirabilis
1327 2929 1651 3004 suavitas
1683 2928 2044 3024 odorum3
2087 2929 2287 3004 unde
2319 2929 2523 3006 dicit:
2558 2953 2703 3004 non
2736 2951 2917 3004 avea

566 3069 712 3143 pur
761 3056 1024 3124 natura
1085 3053 1184 3124 ivi
1230 3053 1520 3143 dipintO,
1583 3049 1792 3144 quasi
1855 3049 2092 3124 dicat:
2145 3070 2293 3124 non
2356 3051 2595 3124 solum
2648 3057 2913 3126 natura

576 3176 924 3264 posuerat
972 3169 1071 3244 ibi
1123 3177 1230 3244 tot
1279 3176 1353 3244 et
1403 3179 1553 3246 tam
1606 3169 1851 3245 varios
1901 3171 2186 3245 colores
2228 3169 2323 3244 ad
2362 3169 2915 3246 delectationem

577 3289 800 3384 visus,
853 3311 972 3363 ma
1039 3293 1110 3364 vi
1169 3294 1400 3385 facea,
1463 3289 1616 3386 ipsa
1679 3296 1966 3386 natura,
2017 3311 2184 3382 unc,
2239 3291 2531 3384 scilicet,
2585 3290 2915 3401 odorem,

575 3413 956 3503 incoquito,
1020 3411 1207 3506 ideo,
1276 3433 1420 3486 non
1474 3417 1708 3507 potest
1785 3410 2116 3506 describi,
2181 3413 2565 3503 indis-tinto,
2622 3417 2921 3508 propter

575 3532 1172 3607 commixtionem
1250 3538 1356 3605 ῖοῖ
1420 3530 1758 3626 odorum,
1824 3534 1900 3605 di
1961 3522 2237 3606 soavita
2303 3534 2379 3605 di
2440 3534 2621 3607 nulle
2684 3534 2918 3623 odori,

573 3650 780 3745 idest,
833 3650 1230 3748 fragrantia
1284 3652 1690 3726 multorum
1744 3639 2082 3745 odorum,
2135 3673 2287 3745 quo
2344 3650 2439 3726 ad
2495 3650 2921 3726 delectatio-

573 3792 744 3847 nem
797 3772 1168 3847 odoratuS.
1224 3772 1312 3846 Et
1360 3772 1478 3847 hic
1539 3778 1712 3847 nota
1778 3772 1975 3866 quod
2040 3771 2385 3867 quicquid
2447 3778 2664 3867 poeta
2715 3769 2919 3867 fingit

573 3891 666 3967 de
715 3892 852 3967 isto
900 3893 1062 3967 loco
1113 3892 1609 3967 amoenissimo
1649 3898 1762 3967 est
1802 3912 2066 3967 verum
2120 3891 2464 3968 historice
2513 3899 2588 3968 et
2638 3893 2919 3989 allego-

576 4013 772 4089 rice:
827 4012 1066 4110 primo
1117 4012 1288 4107 quia
1340 4012 1456 4087 isti
1515 4032 1730 4109 reges
1779 4018 1853 4087 et
1903 4013 2260 4109 principes
2310 4014 2581 4089 habent
2645 4014 2912 4109 palatia

574 4132 742 4227 alta,
807 4132 1185 4228 adornata,
1245 4132 1434 4228 picta
1465 4124 1540 4225 (¹)
1604 4131 1824 4207 variis
1891 4132 2190 4229 figuris3
2261 4132 2639 4209 abundant
2699 4154 2913 4229 auro,

575 4258 908 4349 argentO,
971 4251 1306 4349 gemmiS‚
1371 4250 1809 4347 margaritis,
1864 4256 1938 4325 et
2007 4250 2363 4347 lapidibus
2420 4252 2775 4348 pretiosis»,
2840 4257 2915 4327 et

577 4380 890 4448 utuntur
941 4371 1264 4446 vestibus
1315 4370 1536 4445 variis
1585 4375 1660 4445 et
1709 4370 1886 4445 cibis
1919 4370 2302 4465 splendidis
2336 4371 2535 4447 mille
2576 4372 2911 4447 colorum

577 4498 650 4567 et
697 4491 1061 4587 odorum3
1111 4490 1440 4566 similiter
1503 4491 1774 4567 habent
1827 4491 2116 4587 jocalia,
2185 4513 2385 4587 vasa,
2454 4498 2791 4569 aromata
2842 4497 2917 4567 θῖ

576 4612 820 4687 omnia
871 4633 1148 4709 genera
1208 4612 1804 4709 pigmentorum3
1871 4611 1998 4686 sed
2053 4611 2448 4707 allegorice
2510 4633 2641 4708 per
2701 4613 2913 4687 istam

581 4723 1014 4807 viriditatem
1065 4733 1334 4807 florum
1384 4738 1459 4807 et
1511 4730 1946 4806 suavitatem
2009 4731 2322 4806 odorum
2374 4739 2591 4827 poeta
2630 4733 2756 4808 dat
2800 4733 2915 4806 in-

573 4850 794 4949 telligi
848 4852 1282 4928 viriditatem
1335 4849 1756 4926 florentium
1797 4870 2133 4945 operum,
2185 4855 2261 4924 θῖ
2318 4851 2625 4927 odorem
2692 4851 2905 4927 bonae

703 5109 756 5173 (¹)
789 5110 851 5161 E.
884 5112 1120 5176 pictaque
1151 5112 1320 5162 variis.
