4392 6850
2796 960 2938 1028 423

599 1243 930 1312 OANTUS
975 1240 1354 1310 DECIMUS
1401 1241 1748 1322 SEXTUS,
1795 1243 1870 1308 in
1913 1263 2034 1328 quo
2078 1248 2313 1310 tractat
2344 1244 2423 1310 de
2450 1244 2779 1311 iracundis
2820 1243 2937 1310 sub

752 1355 932 1422 titulo
975 1353 1304 1422 cuiusdam
1342 1355 1548 1420 vocati
1589 1353 1824 1433 Marci,
1857 1357 1967 1438 qui
2001 1375 2140 1422 cum
2183 1357 2275 1422 eis
2318 1355 2517 1422 multa
2562 1355 2729 1422 dixit
2772 1357 2942 1424 circa

753 1467 932 1550 facta
959 1465 1144 1532 liberi
1166 1463 1442 1544 arbitrii,
1475 1470 1536 1530 et
1561 1467 1725 1532 sicut
1754 1466 2118 1550 adsignavit
2144 1467 2455 1533 raticmcm
2485 1467 2651 1551 quod
2664 1471 2937 1550 propter

755 1577 1136 1644 discordiam
1166 1597 1494 1658 paparum
1532 1577 1985 1660 imperatorum
2029 1577 2380 1644 destructus
2424 1583 2517 1644 est
2558 1578 2849 1645 mundus.

752 1857 1052 2026 Baro
1100 1953 1170 2024 d'
1193 1952 1472 2043 inferno
1510 1969 1556 2020 ο
1595 1951 1671 2022 di
1717 1955 1900 2024 nolte
1919 1951 2235 2042 privata.
2272 1949 2665 2044 Postquam
2704 1951 2776 2025 in
2810 1972 2941 2026 su-

603 2073 872 2169 periori
923 2070 1240 2167 capitulo
1291 2069 1627 2167 proxime
1677 2069 2115 2164 praecedenti
2148 2076 2365 2166 poeta
2408 2077 2657 2146 noster
2696 2071 2945 2146 docuit

603 2192 838 2268 vitare
872 2190 1128 2266 vitium
1165 2190 1320 2284 irae,
1347 2208 1544 2263 nunc
1578 2195 2120 2284 consequenter
2151 2189 2229 2263 in
2262 2189 2399 2264 isto
2432 2190 2750 2287 capitulo
2786 2191 2941 2264 XVI

601 2312 750 2408 agit
803 2318 880 2387 et
925 2315 1192 2385 tractat
1231 2309 1324 2383 de
1355 2309 1682 2404 generali
1735 2329 1971 2404 poena,
2012 2330 2159 2404 qua
2204 2317 2567 2407 purgatur
2601 2310 2791 2385 istud
2825 2311 2940 2386 vi-

603 2433 786 2507 tium
839 2431 913 2505 in
962 2430 1180 2506 tertio
1231 2429 1507 2504 circulo
1557 2429 1983 2526 purgatorii.
2037 2431 2124 2504 Et
2175 2451 2495 2526 praesens
2536 2430 2941 2526 capitulum

602 2559 838 2648 potest
901 2551 1224 2626 breviter
1285 2549 1504 2624 dividi
1567 2549 1644 2624 in
1704 2555 2027 2645 quatuor
2088 2557 2335 2646 partes
2393 2553 2797 2647 generales,
2858 2553 2939 2626 ln

605 2673 840 2768 prima
874 2691 1196 2767 quarum
1230 2669 1570 2746 describit
1603 2670 2026 2766 generalem
2055 2690 2351 2767 poenam
2388 2671 2937 2768 iracundorum,

606 2800 690 2868 ut
737 2791 1014 2868 dictum
1067 2797 1197 2867 est.
1249 2793 1330 2864 In
1381 2790 1701 2866 secunda
1751 2789 2145 2865 introducit
2202 2811 2437 2865 unum
2489 2791 2937 2888 singularem

607 2912 942 3010 spiritum
976 2911 1445 3005 modernum,
1479 2911 1606 3005 qui
1641 2910 1776 2985 suit
1815 2910 2142 2986 maxime
2179 2918 2563 3006 promptus
2596 2910 2690 2986 ad
2724 2911 2939 3005 iram,

605 3033 748 3109 ibi:
811 3037 916 3107 Or
967 3039 1038 3105 lu
1086 3033 1196 3104 clai
1241 3034 1357 3105 se’.
1407 3031 1490 3104 ln
1541 3031 1754 3106 tertia
1807 3038 2054 3107 movet
2101 3031 2525 3107 altissimam
2594 3031 2939 3127 quaestio-

607 3175 778 3230 nem
837 3153 1032 3228 dicto
1091 3151 1398 3247 spiritui,
1450 3152 1578 3247 qui
1639 3150 1975 3228 nobiliter
2006 3145 2080 3244 (¹)
2130 3152 2341 3227 solvit
2394 3152 2619 3246 illam,
2670 3152 2807 3227 ibi:
2858 3157 2951 3227 Et

606 3277 676 3348 io
727 3294 775 3346 a
825 3276 943 3348 lui.
995 3275 1076 3346 In
1127 3279 1392 3367 quarta
1443 3279 1517 3347 et
1567 3271 1827 3346 ultima
1874 3271 2217 3348 describit
2253 3272 2734 3347 mutationem
2780 3293 2944 3347 mo-

609 3414 777 3470 rum
831 3393 1357 3471 modernorum
1421 3391 2000 3487 lombardorum,
2053 3392 2184 3467 ibi:
2246 3397 2335 3466 In
2392 3395 2503 3467 sul
2546 3413 2782 3487 paese.
2835 3393 2941 3469 Ad

609 3515 930 3611 primum
994 3514 1298 3590 veniens
1359 3514 1545 3609 dico,
1596 3512 1795 3609 quod
1858 3520 2076 3609 poeta
2139 3512 2483 3589 describit
2520 3506 2593 3606 (²)
2648 3535 2945 3611 poenam

609 3636 1156 3711 iracundorum.
1209 3634 1318 3709 Ad
1367 3635 1581 3709 cuius
1632 3633 2182 3730 intelligentiam
2234 3639 2348 3709 est
2420 3634 2611 3709 bene
2686 3642 2949 3711 notan-

609 3755 813 3851 dum,
865 3756 1065 3852 quod
1115 3761 1330 3851 poeta
1379 3754 1751 3832 adinvenit
1796 3754 2178 3829 decentem
2236 3754 2537 3829 modum
2586 3756 2947 3852 purgandi

613 3876 1086 3953 iracundiam.
1113 3876 1349 3974 Fingit
1383 3877 1581 3951 enim
1617 3874 1816 3969 quod
1841 3875 1954 3950 isti
1991 3881 2405 3972 purgantur
2440 3875 2515 3949 in
2557 3896 2707 3951 uno
2740 3876 2948 3950 fumo

610 3996 1063 4092 densissimo,
1113 3996 1540 4094 nigerrimo,
1589 3995 2089 4090 amarissim03
2137 3995 2238 4070 ita
2290 3996 2487 4091 quod
2540 3998 2783 4072 nullus
2814 4019 2949 4094 po-

613 4122 753 4191 test
787 4115 1062 4210 videre,
1087 4122 1220 4191 aut
1251 4116 1670 4192 discernere
1701 4114 2104 4209 quidquam
2143 4115 2219 4189 in
2258 4134 2371 4190 en.
2410 4115 2619 4191 Modo
2651 4117 2747 4191 ad
2779 4139 2950 4213 pro-

612 4236 956 4333 positum,
991 4236 1240 4311 fumus
1281 4236 1519 4311 oritur
1569 4256 1662 4311 ex
1713 4236 1907 4331 igne,
1941 4244 2016 4311 et
2063 4236 2174 4311 ira
2226 4244 2336 4311 est
2387 4236 2685 4331 quidam
2738 4238 2949 4334 igniS,

541 4448 548 4455 ι
614 4356 786 4452 quia
835 4362 948 4433 est
995 4355 1332 4431 accensio
1390 4354 1768 4451 sanguinis
1825 4354 2020 4430 circa
2081 4376 2233 4430 cor.
2296 4356 2499 4430 Sicut
2559 4375 2739 4453 ergo
2801 4377 2949 4432 non

612 4482 848 4572 potest
895 4496 1056 4551 esse
1107 4475 1292 4574 ignis
1331 4476 1487 4551 sine
1526 4475 1754 4568 fumo,
1791 4475 1891 4549 ita
1927 4494 2064 4549 nec
2097 4474 2211 4549 ira
2250 4474 2407 4551 sine
2436 4465 2509 4567 (³)
2549 4475 2951 4552 fuscatione

613 4596 898 4672 mentis,
949 4596 1074 4671 Ille
1122 4616 1304 4693 ergo
1355 4594 1482 4690 qui
1535 4594 1692 4669 vult
1755 4594 2118 4669 subtiliter
2147 4582 2221 4687 (ι)
2290 4596 2593 4692 purgari
2656 4596 2951 4671 ab·isto

613 4716 787 4791 vitio
837 4716 1352 4793 nocentissimo
1395 4715 1524 4791 irae
1558 4715 1776 4790 debet
1809 4714 2051 4810 puniri
2079 4706 2154 4807 (⁵)
2193 4714 2266 4788 in
2312 4716 2543 4811 fumo,
2580 4716 2787 4811 idest,
2820 4716 2952 4791 de-

736 4948 790 5011 (¹)
821 4946 886 4997 E.
915 4948 1006 5011 qui
1034 4948 1332 4998 notabiliter
1362 4948 1532 4999 solvit.
1831 4945 1886 5007 (²)
1921 4950 2030 5005 117,
2063 4945 2307 4997 describit
2338 4946 2509 5009 primo
2540 4959 2762 5009 poenam.

735 5023 794 5088 (⁸)
825 5022 888 5073 E.
917 5023 1028 5073 sine
1056 5023 1394 5075 suffocatione
1423 5024 1628 5074 mentis.
1833 5022 1887 5085 (⁸)
1921 5026 2030 5083 117,
2063 5022 2361 5073 salubriter.

741 5098 796 5163 (·)
828 5099 892 5152 B.
923 5101 1153 5165 purgari.
