4392 6850
1453 936 1596 1007 356
2169 950 2580 1007 mnan-run
2629 952 3071 1007 mnenon

1448 1096 1711 1191 pitulo:
1760 1094 1882 1169 hic
1929 1115 2112 1171 vero
2160 1101 2525 1171 tractatur
2572 1095 2668 1171 de
2718 1096 2939 1171 modo
3000 1095 3272 1173 vitandi
3337 1105 3413 1172 et
3468 1098 3795 1195 fugiendi

1446 1216 1715 1312 ipsam3
1769 1214 1934 1290 ideo
1989 1214 2279 1289 videtur
2327 1215 2567 1310 potius
2618 1214 3010 1291 dicendum
3060 1216 3262 1310 quod
3309 1216 3608 1293 Orestes
3658 1218 3795 1294 fuit

1445 1337 1609 1433 pius
1657 1343 1734 1410 et
1779 1335 2229 1429 caritativuS,
2282 1342 2358 1411 et
2406 1357 2587 1411 usus
2634 1343 2746 1411 est
2794 1335 3065 1432 pietate
3119 1357 3303 1434 erga
3356 1344 3669 1433 patrem,
3718 1346 3794 1414 et

1444 1476 1706 1533 amore
1755 1476 1933 1553 erga
1984 1476 2326 1548 uxorem,
2374 1462 2453 1531 et
2500 1456 3009 1535 benevolentia
3060 1466 3325 1533 -utua
3376 1478 3555 1556 erga
3604 1460 3791 1537 ami-

1447 1598 1642 1653 cum.
1696 1576 1945 1650 Primo
1971 1568 2045 1667 (¹)
2100 1596 2281 1672 ergo
2330 1576 2467 1649 fuit
2515 1577 2680 1671 pius
2709 1597 2893 1673 >erga
2924 1584 3239 1673 putrem,
3280 1580 3455 1673 quia
3508 1586 3789 1655 macta·

1446 1698 1551 1773 vit
1607 1698 1902 1792 impiam
1969 1703 2286 1771 matrem
2338 1696 2607 1792 justius
2666 1718 2893 1792 quam
2952 1698 3324 1775 Alcmeon.
3382 1702 3563 1775 Nam
3620 1701 3787 1795 Cly-

1446 1824 1868 1911 temnestra,
1905 1836 2206 1911 serpens
2244 1818 2682 1893 venenosior
2729 1823 2807 1891 et
2854 1817 3188 1895 adultera
3224 1820 3509 1916 turpior
3556 1842 3781 1915 qua-

1445 1940 1720 2017 Helena
1771 1958 2004 2031 soror,
2057 1944 2389 2031 tempore
2438 1936 2825 2013 obsidionis
2858 1938 3184 2034 troianae,
3232 1939 3643 2015 adulterata
3678 1947 3787 2016 em

1448 2058 1723 2134 nefarie
1770 2078 1944 2132 cum
1981 2056 2307 2153 AEgistho
2358 2057 2737 2133 sacerdote
2768 2060 3315 2155 consanguineo
3352 2059 3488 2134 viri
3522 2060 3672 2133 sui:
3712 2068 3787 2135 et

1443 2180 1748 2255 demum
1813 2177 1888 2251 in
1955 2175 2101 2251 fine
2165 2176 2333 2251 belli
2392 2176 2601 2251 illum
2664 2177 3295 2275 Agamemnonem
3354 2179 3785 2276 gloriosissi-

1448 2322 1656 2375 mum
1707 2300 2229 2395 imperatorem
2282 2304 2391 2373 tot
2441 2318 2731 2395 regum,
2765 2299 3043 2374 ducum
3088 2311 3164 2377 et
3204 2300 3639 2397 principum,
3676 2302 3786 2376 vi·

1443 2427 1725 2496 ctorem
1778 2417 2036 2512 Troiae,
2068 2418 2163 2492 de
2201 2417 2498 2493 Priamo
2533 2418 3132 2516 triumphantem,
3168 2420 3289 2495 illa
3328 2421 3619 2497 conscia
3652 2422 3783 2496 sibi

1441 2540 1943 2617 crudelissime
2009 2538 2377 2633 mactavit,
2436 2540 2833 2617 adiuvante
2888 2540 3258 2637 AEgisth03
3310 2542 3475 2617 ideo
3528 2542 3783 2638 justis-

1397 2648 1402 2657 ’
1439 2662 1625 2735 sime
1658 2661 1951 2737 Orestes
1993 2660 2339 2736 mactavit
2370 2660 2603 2756 ipsam
2642 2667 2956 2736 matrem
2992 2682 3166 2736 cum
3210 2662 3561 2759 AEgistho.
3600 2664 3781 2740 Ore-

1439 2792 1585 2861 stes
1643 2780 1864 2857 etiam
1925 2780 2178 2855 habuit
2238 2802 2571 2857 amorem
2642 2781 2735 2857 ad
2794 2802 3107 2858 uxorem
3165 2804 3377 2858 suam
3442 2784 3781 2859 Hermio-

1440 2924 1633 2997 nem,
1688 2922 1910 2996 quam
1983 2901 2447 2997 recuperavit
2501 2902 2704 2998 juste
2766 2902 2859 2977 de
2918 2903 3256 2977 manibus
3322 2904 3607 3000 Pyrrhi,
3656 2906 3778 2981 illo

1438 3030 1777 3099 mactato.
1832 3022 2066 3099 Gessit
2115 3029 2190 3097 et
2220 3012 2295 3115 (²)
2344 3022 2929 3099 benevolentiam
2968 3028 3305 3097 mutuam
3344 3044 3525 3121 erga
3560 3025 3777 3121 Pyla-

1436 3144 1631 3237 dem,
1680 3166 1725 3219 a
1777 3164 1926 3237 quo
1977 3162 2388 3237 numquam
2442 3141 2576 3216 fuit
2623 3142 3051 3238 derelictus;
3104 3151 3183 3219 et
3229 3145 3533 3219 demum
3586 3146 3775 3221 hanc

1435 3265 1672 3341 vicem
1725 3264 2044 3339 caritatis
2091 3270 2170 3338 et
2228 3262 2513 3358 pietatis
2564 3262 2839 3359 recepit
2886 3284 2931 3337 a
2994 3283 3256 3339 sorore
3304 3284 3439 3339 sua
3491 3264 3777 3361 Iphige-

1436 3385 1578 3480 nia,
1630 3405 1800 3480 quae
1848 3384 1942 3460 de
1989 3384 2283 3482 Scythia
2334 3384 2539 3460 venit
2584 3404 2839 3460 secum
2890 3382 2965 3458 in
3016 3384 3321 3480 Italiam,
3356 3404 3531 3460 cum
3566 3385 3771 3460 illum

1433 3509 1822 3582 immolare
1871 3505 2193 3582 deberet.
2246 3506 2353 3580 Ad
2396 3506 2681 3581 literam
2720 3526 2923 3603 ergo,
2958 3506 3129 3580 dicit
3161 3513 3411 3602 poeta:
3448 3513 3515 3581 E
3533 3511 3773 3600 pn'ma

1430 3631 1551 3702 che
1601 3629 1715 3701 del
1761 3633 1925 3700 cucco
1973 3647 2116 3699 non
2163 3629 2223 3699 s’
2250 3629 2504 3717 παῦσε,
2572 3626 2783 3719 quasi
2832 3625 3068 3703 dicat:
3128 3633 3528 3721 antequam
3586 3633 3774 3702 tota-

1431 3748 1599 3826 liter
1645 3753 2118 3822 evanesceret
2167 3746 2286 3820 illa
2339 3767 2480 3822 vox
2535 3746 2773 3841 prima
2823 3745 3109 3841 iterata,
3168 3767 3301 3840 per
3350 3750 3791 3840 annnam-ss,

1427 3868 1648 3962 idest,
1711 3878 2010 3962 propter
2070 3867 2482 3942 distantiam
2554 3867 2809 3962 spiritu
2872 3873 3321 3962 transeunte,
3394 3871 3513 3942 κη’
3546 3870 3765 3960 altra,

1428 3989 1720 4084 scilicet,
1785 4009 1930 4063 vox
1995 3987 2339 4082 secunda,
2395 3981 2615 4080 passo
2677 3991 3084 4080 metando.-
3132 3993 3203 4062 io
3262 4009 3439 4062 sono
3498 3992 3763 4079 Oreste,

1427 4113 1844 4207 exemplum
1919 4108 2263 4203 caritatiS,
2330 4108 2503 4202 quia
2566 4108 2737 4184 fecit
2804 4109 3193 4185 vindictam
3259 4109 3505 4206 patris.
3565 4108 3769 4183 Unde

1425 4234 1792 4307 Homerus
1843 4230 1940 4304 xl
1989 4229 2328 4326 Odysseae
2380 4228 2776 4306 introducit
2823 4229 3145 4304 animam
3196 4227 3765 4327 Agamemnonis

1422 4353 1925 4428 contristatam
1959 4355 2435 4446 apparentem
2469 4349 2683 4446 Ulyxi
2734 4350 2809 4424 in
2860 4350 3168 4447 inferno,
3204 4351 3333 4445 qul
3374 4350 3763 4445 conqueri»

1426 4483 1551 4550 tur
1602 4471 1798 4567 quod
1849 4471 1985 4544 fuit
2035 4475 2397 4544 mactatus
2445 4468 2539 4544 ad
2586 4481 2947 4564 mensam,
3000 4471 3186 4546 sicut
3220 4471 3351 4545 bos
3394 4476 3761 4545 mactatur

1424 4593 1517 4668 ad
1585 4612 1932 4688 praesepe,
2001 4592 2376 4682 innocens,
2447 4597 2609 4686 post
2676 4611 2935 4667 omnes
2992 4591 3283 4667 labores
3350 4598 3427 4666 et
3489 4591 3763 4666 tructos

1423 4721 1682 4790 tantoS.
1715 4715 1803 4787 Et
1829 4713 2221 4808 persuadet
2245 4711 2481 4808 Ulyxi,
2514 4711 2718 4805 quod
2753 4733 3130 4806 nunquam
3168 4711 3260 4788 sit
3292 4711 3587 4785 humilis
3624 4711 3764 4786 fte-

1425 4833 1668 4928 minae,
1717 4853 1856 4907 nec
1913 4832 2192 4928 aperiat
2249 4832 2381 4906 sibi
2444 4851 2667 4907 omne
2728 4839 3120 4926 secretum,
3188 4832 3360 4926 quia
3411 4831 3584 4906 nihil
3654 4841 3765 4910 est

1547 5094 1602 5159 (¹)
1633 5095 1694 5144 Ε.
1725 5093 1904 5144 Primo
1935 5108 2156 5158 namque
2187 5093 2305 5146 Mt.
2772 5094 2829 5157 (¹)
2858 5093 2919 5158 Ε.
2950 5094 3115 5145 Gessit
3142 5093 3319 5146 etin.
