4392 6850
1220 960 1494 1016 CANTus
1543 959 1858 1015 bacmos
1906 959 2294 1015 SECUNDUS·
2784 948 2924 1031 327
3025 956 3032 962 ·

585 1115 662 1184 et
710 1108 985 1183 dictum
1036 1114 1148 1183 est
1199 1107 1371 1202 quid
1423 1106 1616 1182 fictio
1675 1106 2018 1201 importet
2077 1106 2514 1203 allegorice3
2567 1105 2730 1181 ideo
2785 1127 2929 1179 non

587 1230 799 1325 plura
863 1230 998 1304 bic.
1062 1229 1246 1303 Dicit
1320 1248 1557 1323 ergo:
1645 1230 1908 1315 Vedeva
1963 1231 2291 1318 BriareO,
2343 1227 2784 1302 immensum
2822 1229 2935 1325 gi-

596 1356 920 1446 gantem,
972 1347 1101 1443 qui
1151 1348 1253 1422 sic
1303 1347 1536 1422 dictus
1589 1353 1719 1441 est,
1766 1347 1971 1442 quasi
2026 1347 2203 1420 briae
2261 1368 2452 1440 reus,
2490 1346 2669 1422 idest
2723 1369 2936 1422 men-

589 1490 819 1563 surae,
887 1471 1039 1562 ficto
1114 1471 1241 1542 dal
1297 1471 1426 1541 telo
1488 1469 1819 1558 celestial,
1886 1467 2096 1560 idest,
2175 1488 2219 1541 a
2292 1466 2637 1561 fulmine,
2694 1473 2935 1560 θίασον

585 1611 811 1681 orave
859 1612 908 1663 a
966 1592 1038 1663 la
1088 1598 1311 1680 terra,
1381 1594 1678 1683 propter
1747 1587 2317 1684 magnitudinem
2382 1588 2731 1683 corporis,
2800 1610 2935 1682 per

589 1716 660 1785 lo
712 1713 973 1784 morta!
1018 1713 1197 1803 yelo,
1277 1709 1445 1803 quia
1477 1702 1552 1800 (¹)
1597 1729 1796 1781 mors
1841 1708 2072 1782 reddit
2113 1729 2382 1802 corpus
2420 1709 2743 1805 gelidum
2800 1729 2932 1782 ex-

590 1831 815 1906 tincto
864 1831 1110 1905 calore
1163 1829 1500 1923 naturali,
1553 1835 1626 1903 et
1676 1828 1876 1903 calor
1927 1828 2290 1923 superbiae
2351 1835 2511 1902 erat
2568 1830 2932 1903 extinctus

583 1951 657 2025 in
712 1972 840 2044 eo;
891 1954 988 2024 da
1038 1953 1296 2024 l'altra
1340 1957 1572 2043 parte,
1605 1949 1896 2044 scilicet,
1944 1970 2039 2023 ex
2087 1950 2412 2045 opposito
2464 1951 2796 2025 Luciferi.
2841 1953 2931 2024 Et

594 2076 784 2145 tacta
837 2070 1338 2145 fulminatione
1390 2070 1607 2143 unius
1656 2069 1968 2166 gigantis
2006 2070 2328 2143 maxime
2372 2070 2730 2164 terribilis,
2769 2076 2929 2143 tan-

589 2191 695 2287 git
748 2190 1323 2264 fulminationem
1366 2196 1811 2264 caeterorum
1854 2190 2239 2286 gigantum
2296 2190 2367 2263 in
2430 2190 2689 2264 eodem
2738 2192 2924 2265 bello

592 2311 959 2408 giganteO,
996 2331 1179 2405 quos
1213 2331 1471 2385 omnes
1506 2310 1833 2406 Iuppiter
1867 2331 2040 2384 cum
2085 2310 2243 2383 filiis
2294 2311 2446 2384 suis
2498 2311 2928 2387 fulminavit.

589 2432 771 2506 Dicit
820 2453 1048 2529 ergo:
1103 2435 1316 2505 vedea
1364 2453 1590 2504 ancor
1651 2431 1992 2519 Timbreo,
2045 2430 2251 2525 idest,
2305 2430 2641 2507 videbam
2710 2434 2929 2507 etiam

593 2552 1026 2647 Apollinem,
1093 2554 1217 2648 qui
1277 2553 1378 2627 sic
1454 2552 1718 2627 dicitur
1780 2574 1825 2627 a
1904 2552 2224 2649 Tymbra
2289 2553 2547 2649 insula,
2611 2560 2929 2649 Pallade,

593 2695 760 2768 quae
811 2681 884 2748 et
934 2674 1253 2748 Minerva
1305 2674 1592 2767 dicitur,
1635 2695 1673 2745 e
1721 2679 1976 2766 Marte,
2027 2674 2151 2768 qui
2205 2681 2315 2748 est
2381 2675 2561 2749 deus
2614 2677 2805 2770 belli,
2858 2685 2931 2753 et

591 2814 848 2870 omnes
898 2794 1242 2868 dicuntur
1293 2793 1412 2866 filii
1463 2794 1680 2889 Jovis‚
1732 2798 2020 2885 armati,
2072 2794 2367 2888 scilicet,
2402 2795 2654 2890 Apollo
2708 2799 2929 2893 sagit*

590 2916 699 3009 tis,
754 2915 990 2989 Pallas
1039 2922 1248 2989 scuto
1300 2920 1372 2988 et
1421 2915 1651 3009 hasta,
1706 2917 1895 2990 Mars
1944 2915 2286 2988 omnibus
2344 2917 2592 3010 armiS,
2644 2922 2926 2991 intorno

585 3038 662 3108 al
696 3038 930 3127 padre
966 3037 1106 3125 lor,
1142 3034 1409 3109 scilicet
1450 3035 1732 3129 Jovem,
1768 3038 1998 3107 mirar
2049 3038 2110 3107 Ie
2158 3038 2471 3108 membra
2519 3038 2625 3109 de'
2649 3041 2921 3129 yiyanle'

583 3165 848 3250 sparte,
901 3155 1102 3251 idest,
1143 3156 1515 3250 dispartita
1567 3177 1611 3229 a
1665 3155 2088 3228 fulminibus
2139 3162 2214 3230 et
2264 3177 2513 3250 sparsa
2549 3178 2681 3251 per
2713 3179 2919 3232 cam-

581 3296 714 3372 pos
763 3276 1045 3372 Flegrae
1097 3276 1168 3349 in
1224 3276 1522 3371 regione
1572 3276 1983 3368 Thessaliae,
2040 3283 2121 3349 ut
2170 3276 2444 3350 dictum
2501 3283 2609 3351 est
2660 3277 2926 3352 Inferni

581 3397 900 3492 capitulo
953 3397 1158 3470 Xllll.
1215 3397 1301 3470 Et
1354 3397 1489 3490 hic,
1546 3395 1791 3490 lector,
1854 3396 2020 3469 volo
2073 3401 2145 3470 te
2197 3400 2457 3471 notare
2513 3417 2742 3470 unum
2796 3420 2929 3494 pro

585 3518 1054 3616 intelligentia
1109 3518 1326 3591 buius
1371 3517 1621 3611 literae,
1657 3522 1730 3591 et
1765 3516 2216 3612 expositione
2255 3517 2657 3590 multorum
2701 3518 2932 3593 dicto-

588 3660 755 3713 rum
813 3639 1135 3733 ipsorum
1172 3644 1546 3731 autorum,
1584 3637 1938 3735 videlicet,
1975 3637 2170 3732 quod
2208 3638 2489 3732 antiqui
2531 3639 2931 3736 philosophi

585 3766 659 3835 et
711 3767 967 3854 poetae,
1024 3759 1189 3833 licet
1248 3759 1672 3832 viderentur
1723 3779 2000 3853 ponere
2059 3758 2307 3853 plures
2381 3757 2558 3834 deos
2609 3765 2683 3834 et
2731 3760 2928 3855 deaS,

587 3888 832 3955 tamen
886 3880 978 3954 de
1040 3880 1145 3954 rei
1211 3879 1519 3954 veritate
1591 3879 1958 3974 ponebant
2017 3900 2250 3952 unum
2316 3877 2567 3974 deum,
2627 3881 2756 3975 qui
2821 3888 2930 3955 est

581 4001 817 4096 prima
870 4021 1095 4074 causa
1149 3999 1530 4092 omnium3
1582 3998 1708 4074 sed
1762 4004 1996 4093 poetae
2047 4020 2179 4094 per
2235 4005 2339 4073 tot
2388 3999 2562 4073 deos
2613 4007 2688 4076 et
2755 4001 2929 4098 deas

587 4119 1085 4216 intelligebant
1110 4118 1352 4193 varias
1378 4124 1790 4214 potestateS,
1822 4118 2129 4194 virtutes
2163 4126 2239 4195 et
2274 4119 2576 4196 effectus
2613 4122 2830 4194 unius
2851 4112 2926 4214 (²)

584 4242 736 4334 Dei,
792 4241 888 4314 ila
941 4239 1137 4334 quod
1192 4261 1383 4332 unus
1433 4246 1506 4314 et
1557 4239 1747 4313 idem
1803 4239 2131 4334 Juppiter
2166 4247 2328 4314 erat
2362 4240 2616 4335 Apollo
2654 4249 2728 4316 et
2763 4243 2928 4320 Pal-

584 4363 687 4437 las
741 4363 812 4435 in
863 4359 1235 4455 sapientia,
1273 4362 1461 4433 Mars
1502 4359 1572 4433 in
1607 4361 1954 4454 potentia,
1990 4361 2397 4436 Mercurius
2450 4361 2521 4435 in
2573 4364 2928 4457 eloquen-

587 4483 705 4576 tia,
759 4488 833 4556 et
886 4482 980 4555 ita
1033 4481 1125 4556 de
1179 4481 1471 4575 multis3
1549 4481 1745 4574 quod
1811 4487 2046 4556 totum
2110 4481 2541 4556 mirabiliter
2606 4489 2680 4558 et
2732 4484 2931 4565 clare

584 4603 940 4697 expressit
988 4600 1320 4676 Valerius
1371 4602 1695 4676 Soranus
1738 4609 1949 4697 poeta
1986 4603 2251 4676 latinus
2304 4603 2376 4675 in
2428 4603 2719 4692 duobus
2756 4625 2926 4681 ver.-

587 4723 809 4817 sibuS,
863 4723 964 4797 sic
996 4713 1067 4814 (³)
1122 4721 1416 4797 dicens:
1467 4726 1784 4816 ,luppiter
1816 4727 2246 4816 omnipotens
2279 4745 2525 4815 reyum
2558 4746 2929 4816 rerumque

708 4943 759 5001 (⁸)
799 4941 857 4990 E.
890 4941 1024 4991 idest
1057 4943 1193 5006 quia.

711 5014 768 5079 (¹)
802 5018 861 5067 Ε.
894 5020 1047 5069 unius
1078 5021 1236 5070 solius
1272 5020 1363 5069 Dci
1396 5020 1485 5083 qui
1517 5025 1596 5069 est
1629 5019 1795 5082 prima
1829 5034 1981 5070 causa
2014 5021 2265 5081 omnium,
2301 5022 2370 5071 ita
2402 5021 2559 5085 quod.

712 5093 766 5157 ζ’)
801 5095 862 5146 Ε.
895 5108 925 5144 o
957 5096 1007 5146 S.
1042 5096 1265 5146 breviter
1295 5098 1369 5147 sic
1402 5097 1592 5147 dicens.
