4392 6850
1464 956 1607 1025 482
2186 966 2594 1022 concisurum
2641 967 3079 1023 PURGATORH

1466 1113 2071 1188 malefactorem?
2122 1112 2288 1207 quis
2323 1119 2692 1187 mercator
2726 1132 2875 1186 non
2917 1111 3116 1186 dicat·
3141 1109 3654 1207 negligentiam
3693 1110 3808 1183 ni-

1470 1232 1704 1306 mium
1737 1232 1995 1307 obesse
2028 1231 2540 1329 negotiationi?
2575 1232 2740 1327 quis
2781 1232 3066 1327 sapiens
3102 1251 3248 1305 non
3281 1230 3540 1326 probet
3575 1230 3806 1305 multa

1464 1351 1763 1427 consilia
1812 1372 1972 1427 esse
2023 1352 2436 1427 necessaria
2471 1352 2800 1427 mundo?
2842 1351 3006 1446 quis
3043 1350 3366 1447 agricola
3405 1371 3552 1424 non
3605 1350 3806 1425 novit

1467 1472 1835 1547 culturam
1873 1472 2238 1569 ‚prodesse
2269 1472 2363 1547 ad
2403 1473 2850 1548 fertilitatem
2887 1473 3264 1547 fructuum
3288 1478 3321 1546 i
3359 1473 3500 1549 Sed
3542 1480 3627 1546 ut
3661 1472 3806 1548 cito

1467 1592 1735 1687 dicam,
1807 1591 2153 1687 quaerun't
2229 1592 2562 1681 homines
2635 1593 3219 1687 excusationem,
3297 1602 3808 1689 retorquentes

1468 1714 1715 1788 omnia
1751 1714 1923 1791 vitia
1974 1734 2109 1789 sua
2160 1714 2236 1787 in
2285 1714 2584 1808 coelum,
2619 1714 2692 1788 in
2729 1714 2897 1807 fata,
2932 1714 3006 1787 in
3058 1714 3454 1807 fortunam,
3487 1715 3808 1790 dicentes

1468 1834 1645 1909 illud
1664 1835 1977 1909 Cleantis
2002 1834 2432 1931 philosophi:
2458 1838 2793 1909 volentem
2811 1839 2970 1929 fata
2993 1838 3274 1926 ducunt,
3293 1839 3630 1910 nolentem
3657 1844 3810 1910 tra·

1468 1959 1653 2029 liunt.
1690 1956 1779 2029 Et
1809 1956 2113 2059 demum
2151 1956 2452 2033 remittit
2485 1954 2826 2051 Virgilius
2861 1964 3151 2050 poetam
3199 1954 3294 2028 ad
3341 1955 3806 2052 theologiam,

1470 2082 1546 2149 ct
1592 2074 1763 2151 dicit
1809 2076 2332 2151 sententialiter
2383 2075 2580 2169 quod
2629 2075 2781 2170 ipse
2830 2094 2964 2169 per
3011 2094 3092 2149 se
3141 2094 3276 2148 sua
3327 2075 3625 2151 scientia
3677 2097 3814 2151 na-

1470 2196 1691 2270 turali
1742 2218 1890 2271 non
1940 2204 2177 2292 potest
2225 2197 2442 2271 altius
2481 2195 2836 2271 accedere
2869 2194 2960 2269 ad
2995 2194 3561 2270 declarationem
3599 2218 3810 2291 quae-

1472 2316 1743 2411 stioniS,
1796 2318 1967 2412 quia
2020 2324 2305 2392 tantum
2351 2316 2634 2413 judicat
2681 2336 2982 2391 causam
3049 2335 3180 2410 per
3243 2315 3632 2411 effectum3
3685 2316 3810 2393 sed

1472 2436 1759 2510 Beatrix
1815 2436 2141 2531 intendit,
2195 2436 2392 2531 quod
2451 2436 2707 2510 nobilis
2769 2434 3027 2530 virtuS,
3077 2436 3284 2531 idest,
3343 2437 3814 2511 excellentior

1475 2576 1645 2649 quae
1692 2556 1783 2629 sit
1832 2557 1907 2631 in
1957 2556 2255 2632 homine
2290 2564 2400 2631 est
2435 2556 2754 2631 liberum
2803 2556 3217 2651 arbitrium,
3251 2556 3426 2650 quia
3465 2577 3594 2652 per
3621 2550 3694 2649 (¹)
3733 2578 3816 2633 se

1472 2673 1715 2769 ipsum
1776 2696 2157 2751 meremur
2182 2668 2262 2768 (²)
2328 2676 2550 2751 vitam
2620 2682 3003 2768 aeternam,
3049 2677 3182 2773 ⁸vel
3241 2676 3810 2753 damnationem.

1473 2794 1658 2870 Dicit
1707 2817 1927 2893 ergo:
1980 2800 2298 2871 Beamce
2345 2798 2616 2871 truendo
2677 2800 2752 2871 la
2803 2798 3037 2879 ¹nobile
3088 2792 3307 2889 verti),
3357 2798 3652 2893 scilicet,
3703 2799 3816 2872 in-

1478 2923 1754 3012 natam,
1793 2938 1931 3009 per
1980 2920 2049 2991 lo
2068 2919 2315 2991 ‘libero
2367 2919 2690 3009 arbitrio,
2738 2939 2778 2991 e
2819 2911 2999 3010 perd
3059 2921 3346 3010 quarela
3407 2920 3528 2993 che
3585 2922 3631 2991 t·
3657 2920 3818 2993 abbi

1478 3058 1528 3109 a
1574 3046 1817 3130 mente,
1866 3041 1924 3111 s’
1949 3059 1999 3110 a
2038 3042 2304 3132 par-lar
2354 3042 2400 3111 t’
2425 3041 2808 3131 apprende,
2851 3038 3039 3113 sicut
3087 3039 3362 3134 patebit
3400 3039 3457 3112 V
3499 3039 3816 3134 capitulo
3905 3056 3920 3063 ·

1478 3156 1820 3251 Paradisi,
1864 3158 1987 3231 ubi
2040 3157 2248 3232 dicit:
2289 3161 2360 3232 lo
2411 3162 2740 3249 mayqior
2777 3159 2921 3230 don
2953 3160 3072 3231 cloe
3105 3162 3270 3250 Dic,
3311 3166 3450 3233 etc.
3487 3158 3620 3233 vel
3667 3158 3815 3233 dic:

1480 3277 1871 3352 recordare
1920 3285 2173 3373 petere
2221 3278 2316 3353 de
2365 3280 2506 3351 hoc
2556 3278 2850 3372 quando
2890 3279 3038 3353 eris
3071 3299 3370 3373 secum3
3414 3279 3614 3353 unde
3655 3286 3820 3353 tan-

1478 3397 1583 3496 git
1633 3399 1725 3474 de
1772 3399 1913 3474 hac
1962 3419 2047 3474 re
2097 3398 2334 3494 primo
2385 3397 2704 3494 capitulo
2745 3398 3068 3475 Paradisi
3101 3400 3309 3495 quasi
3345 3398 3540 3475 circa
3573 3399 3819 3494 finem,

1481 3519 1609 3593 ubi
1658 3518 1849 3613 dicit,
1904 3522 2100 3614 quod
2150 3521 2335 3594 ordo
2387 3540 2612 3614 quem
2665 3521 2864 3596 Deus
2897 3521 3094 3596 dedit
3125 3529 3413 3596 naturae
3445 3529 3700 3596 causat
3747 3522 3820 3595 in

1486 3639 1691 3714 nobis
1742 3639 2017 3734 primos
2055 3647 2318 3715 ‘motus
2367 3647 2505 3715 etc.

1630 3764 1735 3832 La
1784 3762 1972 3834 luna.
2026 3761 2163 3834 Ista
2217 3767 2328 3835 est
2381 3761 2592 3834 tertia
2643 3781 2812 3855 pars
2870 3760 3232 3856 generalis
3283 3761 3356 3834 in
3409 3781 3559 3856 qua
3609 3769 3823 3857 poeta

1484 3878 1820 3954 describit
1870 3880 2382 3978 purgationem
2433 3879 3006 3975 accidiosorum3
3059 3887 3133 3955 et
3185 3880 3426 3977 primo
3474 3882 3643 3957 facit
3693 3882 3822 3957 de-

1484 4001 1949 4097 scriptionem
2002 4001 2374 4096 temporis,
2443 4007 2518 4076 et
2573 3999 2865 4076 videtur
2927 4003 3116 4077 velle
3181 4001 3427 4077 dicere
3474 4003 3821 4096 breviter,

1485 4121 1683 4215 quod
1732 4122 1909 4197 luna
1958 4142 2104 4196 non
2154 4129 2318 4196 erat
2365 4121 2680 4215 amplius
2731 4121 2941 4216 plena
2993 4143 3132 4196 nec
3181 4123 3506 4218 opposita
3537 4114 3612 4215 (³)
3664 4123 3821 4217 soli,

1485 4241 1674 4316 sicut
1724 4249 1886 4316 erat
1936 4241 2007 4315 in
2056 4240 2408 4337 principio
2458 4241 2742 4336 inferni,
2783 4249 2855 4316 et
2903 4242 3283 4318 oriebatur
3335 4244 3700 4319 luminosa
3747 4251 3824 4319 et

1487 4362 1869 4457 splendens
1918 4361 2113 4436 circa
2184 4361 2502 4436 mediam
2564 4369 2882 4436 noctem.
2945 4361 3131 4437 Dicit
3191 4383 3412 4460 ergo:
3473 4368 3578 4436 La
3627 4367 3822 4456 luna,

1488 4479 1655 4577 quae
1718 4489 1875 4557 erat
1936 4482 2441 4578 decimanona,
2501 4485 2704 4579 quasi
2769 4503 2818 4555 a
2881 4503 3130 4557 mazza
3189 4491 3424 4578 ησαες
3483 4484 3603 4559 hic
3663 4491 3826 4560 erat

1489 4625 1773 4699 vesper,
1822 4607 2066 4697 tarda,
2115 4604 2210 4679 ad
2270 4603 2680 4698 oriendum,
2726 4607 2934 4697 facea
2983 4607 3046 4677 le
3091 4607 3277 4678 stelle
3335 4625 3384 4678 a
3439 4609 3563 4678 noi
3603 4627 3828 4698 para·

1478 4718 1608 4816 piri
1643 4727 1847 4815 rade,
1882 4724 2055 4818 quia
2108 4725 2284 4798 luna
2335 4723 2667 4798 obfuscat
2697 4724 3022 4799 minores
3063 4725 3306 4800 stellas
3343 4724 3624 4800 lumine
3655 4745 3826 4818 suo;

1618 4945 1675 5010 (¹)
1708 4951 1817 5007 11⁷,
1850 4961 1944 5012 per
1986 4949 2157 5012 ipsum
2194 4963 2464 5000 meremur
2505 4952 2589 5002 vel
2631 4951 2981 5004 demeremur.
3014 4953 3150 5004 Dicit
3177 4965 3344 5017 ergo:
3375 4953 3621 5012 Boamoe,
3651 4954 3832 5004 acel-

1496 5025 1684 5076 lentior
1713 5024 1842 5081 aliis,
1872 5025 2093 5077 inundo.

1621 5098 1676 5163 (’)
1710 5101 1760 5150 S.
1794 5107 2045 5152 meretur.
2671 5103 2725 5168 (⁹)
2757 5105 2818 5156 Ε.
2851 5106 3084 5170 opposita
3115 5107 3227 5169 sihi,
3255 5107 3406 5158 sicut.
