4392 6850
1389 855 1531 923 536
2108 866 2516 921 commun
2565 864 3000 919 runenonn

1384 1011 1573 1089 dicta
1599 1011 2001 1104 firmarent,
2022 1018 2408 1105 coeperunt
2432 1016 2747 1084 tortores
2765 1008 3064 1105 singulis
3079 1027 3450 1103 apponere
3473 1006 3716 1104 ignem

1383 1131 1619 1226 primo
1672 1131 1969 1227 ungulae
2019 1129 2242 1225 pediS,
2295 1136 2368 1205 et
2419 1129 2768 1225 paulatim
2831 1127 3292 1203 ascendendo
3355 1126 3722 1203 deducere

1384 1272 1516 1346 per
1566 1252 1813 1325 omnia
1852 1251 2209 1325 membra.
2247 1251 2350 1323 llli
2384 1256 2634 1325 autem
2663 1252 3026 1343 jactantes
3061 1268 3278 1323 voces
3310 1250 3384 1321 in
3421 1250 3718 1341 coelum,

1386 1370 1825 1464 clamabant,
1851 1391 1933 1445 se
1961 1392 2177 1447 veros
2205 1371 2636 1445 christianos
2659 1375 3023 1445 eteorum
3063 1369 3488 1467 religionem
3523 1390 3726 1444 sem·

1388 1513 1519 1587 per
1580 1491 2105 1566 sanctissimam
2176 1492 2416 1565 fuisse.
2483 1492 2632 1567 Nec
2693 1512 2888 1564 unus
2953 1510 3186 1584 usque
3243 1491 3336 1564 ad
3407 1497 3720 1564 mortem

1389 1612 1625 1705 potuit
1690 1633 1735 1685 a
1802 1619 1949 1686 tam
2016 1612 2372 1685 constanti
2424 1612 2792 1707 proposito
2844 1611 3210 1687 removeri
3251 1604 3350 1703 (¹).
3411 1611 3723 1685 Jacobus

1390 1752 1569 1833 vero
1622 1731 1969 1828 magister
2018 1733 2240 1827 longo
2289 1752 2594 1806 carcere
2645 1736 3080 1823 maceratuS,
3125 1731 3416 1806 tandem
3457 1730 3726 1805 ductus

1388 1852 1857 1949 Lugdunum,
1914 1852 2157 1926 multis
2209 1851 2832 1927 exhortationibus
2882 1872 3299 1946 persuasuS,
3351 1852 3726 1927 confessus

1390 1975 1524 2049 fuit
1559 1974 1803 2067 aliqua
1837 1974 2187 2048 Clementi
2225 1994 2450 2069 papae.
2485 1974 2732 2061 Quare
2772 1979 3134 2047 retractus
3175 1972 3514 2065 Patisium,
3550 1993 3724 2047 cum

1388 2115 1641 2169 coram
1692 2093 1981 2168 duobus
2034 2094 2288 2189 legatis
2339 2113 2430 2167 ex
2485 2093 2716 2167 latere
2767 2099 2842 2167 et
2895 2112 3072 2189 rege
3119 2093 3476 2167 sententia
3527 2093 3730 2187 lege-

1391 2220 1619 2307 netur,
1668 2214 1743 2286 in
1795 2234 1941 2305 qua
1992 2213 2506 2287 continebatur
2560 2213 2882 2308 magistri
2938 2213 3268 2286 liberatio
3331 2218 3404 2287 et
3455 2211 3728 2286 ordinis

1386 2334 1783 2427 damnati0‚
1834 2334 1987 2428 ipse
2036 2354 2208 2408 cum
2265 2354 2414 2407 uno
2451 2354 2554 2427 ‚ex
2611 2334 2844 2427 sociis,
2895 2335 3022 2428 qui
3071 2341 3234 2408 erat
3283 2334 3512 2408 frater
3559 2335 3729 2409 Del·
3855 2329 3866 2337 ’

1389 2454 1586 2549 phini
1638 2452 1955 2545 Viennae,
2009 2452 2260 2547 petivit
2307 2454 2456 2527 alta
2505 2474 2686 2528 voce
2734 2454 3125 2529 silentium.
3161 2454 3322 2541 Quo
3357 2474 3728 2545 concesso,

1391 2574 1735 2648 audiente
1786 2572 2250 2647 multitudine
2300 2578 2682 2667 praesente,
2723 2574 2962 2647 testati
3013 2579 3205 2667 sunt,
3242 2574 3438 2667 quod
3491 2580 3732 2648 morte

1396 2693 1813 2789 dignissima
1842 2698 2336 2786 morerentur,
2374 2714 2520 2767 non
2549 2693 2718 2787 quia
2747 2692 3277 2767 commisissent
3293 2684 3368 2785 (Ἃ)
3397 2714 3726 2787 unquam

1393 2834 1484 2888 ea
1565 2833 1733 2906 quae
1809 2813 2283 2909 legebantur3
2353 2813 2480 2887 sed
2548 2814 2720 2907 quia
2787 2814 3274 2909 permiserant
3335 2834 3416 2888 se
3484 2814 3730 2888 seduci

1398 2932 1861 3007 suasionibus
1901 2932 2290 3007 Clementis
2334 2953 2539 3028 papae
2583 2939 2658 3007 et
2709 2934 2904 3029 regis
2955 2934 3266 3029 tyranni,
3303 2940 3557 3008 contra
3599 2934 3732 3007 bo-

1396 3074 1655 3129 norem
1708 3053 1979 3128 ordinis
2030 3052 2141 3127 sui
2194 3060 2344 3127 tam
2399 3055 2628 3128 sancti
2679 3062 2754 3129 et
2805 3061 2910 3128 tot
2959 3062 3383 3129 sanctorum
3435 3064 3728 3150 patrum

1396 3175 1834 3249 auctoritate
1884 3175 2207 3270 probati3
2259 3181 2334 3249 et
2383 3181 2490 3249 tot
2541 3176 2880 3271 egregios
2935 3171 3157 3249 fortes
3203 3176 3734 3250 commilitones

1397 3302 1473 3369 et
1524 3294 1755 3369 socios
1802 3303 1977 3368 ante
2034 3314 2115 3368 se
2172 3315 2308 3388 pro
2368 3294 2676 3369 veritate
2725 3302 3196 3389 consumptos
3247 3294 3484 3369 viliter
3532 3295 3734 3369 frau-

1395 3415 1709 3490 dassent.
1777 3414 1917 3491 Sed
1993 3414 2179 3489 dura
2257 3415 2616 3504 sententia
2688 3416 2857 3511 lata,
2911 3416 3225 3490 Jacobus
3283 3436 3454 3491 cum
3509 3415 3736 3491 fratre

1395 3537 1723 3631 Delphini
1780 3535 1929 3632 igni
1996 3535 2210 3610 datus
2237 3527 2312 3628 (⁸)
2365 3543 2496 3629 est,
2559 3537 2747 3612 sicut
2814 3537 3075 3632 primi3
3129 3545 3202 3613 et
3261 3537 3507 3630 ambo,
3561 3557 3738 3633 rege

1396 3656 1710 3748 vidente,
1778 3662 2193 3730 constanter
2247 3663 2320 3730 et
2369 3657 2724 3754 intrepide
2783 3659 2856 3730 in
2925 3657 3357 3752 supplicium
3419 3659 3731 3733 iverunt.

1398 3775 1532 3849 Alii
1582 3775 1731 3849 duo
1783 3775 2021 3849 viliter
2070 3775 2496 3850 confitentes
2547 3783 2961 3850 evaserunt.
3015 3775 3553 3872 Quinquaginta
3607 3797 3730 3852 sex

1399 3896 1721 3987 fuerunt,
1786 3894 1909 3988 qui
1974 3902 2352 3986 tamquam
2425 3903 2786 3991 martyres
2846 3895 3269 3971 innocentes
3333 3897 3732 3992 perierunt.

1398 4016 1600 4090 Hanc
1650 4014 1961 4089 flebilem
2016 4015 2386 4088 historiam
2444 4016 2650 4088 multi
2689 4015 2830 4090 fide
2869 4015 3065 4112 digni
3109 4022 3572 4109 notaverunt,
3609 4019 3732 4092 sed

1400 4157 1551 4231 prae
1584 4135 1869 4210 caeteris
1918 4136 2356 4209 Boccaccius
2389 4134 2480 4210 de
2513 4135 2850 4212 Certaldo
2891 4137 3426 4232 elegantissime
3463 4139 3736 4212 descri-

1403 4256 1525 4348 bit,
1594 4255 2051 4330 laudabiliter
2108 4255 2630 4328 commendans
2695 4257 3173 4332 constantiam
3242 4264 3316 4332 et
3377 4257 3740 4333 fortitudi-

1402 4394 1571 4450 nem
1626 4375 1933 4447 istorum
1980 4374 2172 4447 ultra
2212 4374 2554 4450 virtutem
2595 4375 2924 4450 virorum
2963 4377 3257 4451 fortium
3301 4378 3396 4453 ab
3437 4380 3740 4473 antiquo

1404 4494 1895 4569 laudatorum.
1950 4493 2057 4567 De
2108 4493 2256 4567 istis
2297 4501 2372 4568 et
2404 4493 2497 4568 de
2529 4495 2816 4591 origine
2851 4496 3123 4571 ordinis
3157 4519 3420 4572 eorum
3457 4499 3744 4574 dicetur

1400 4615 1717 4689 Paradisi
1798 4613 2115 4707 capitulo
2196 4613 2436 4688 xvul.
2515 4616 2723 4690 Nunc
2773 4625 2884 4692 est
2951 4618 3046 4692 ad
3106 4617 3388 4695 literam
3442 4621 3744 4696 venien·-

1400 4736 1615 4809 dum:
1668 4734 1837 4808 dicit
1888 4755 2067 4830 ergo
2130 4735 2380 4832 Hugo:
2459 4739 2708 4828 Veqyio
2737 4739 2788 4810 ’l
2841 4759 3074 4811 nuovo
3133 4741 3385 4830 Pilato,
3451 4740 3742 4832 scilicet,

1532 4995 1585 5060 ξ’)
1620 5001 1724 5056 117,
1760 4997 2009 5047 revocari.
2166 4995 2222 5058 (²)
2257 4999 2316 5048 Ε.
2351 5000 2726 5049 commisissent
2755 5013 2832 5049 ea.
2990 5000 3044 5061 (⁸)
3079 5006 3184 5061 117,
3220 5001 3490 5052 damnatus
3519 5008 3615 5052 est.
