4392 6850
1461 916 1602 989 288
2131 932 2545 987 coMENTuM
2596 932 3033 987 punessonn

1459 1080 1575 1154 hic
1625 1086 1798 1153 nota
1865 1077 2062 1172 quod
2113 1076 2337 1170 aliqui
2408 1078 2759 1171 scribunt,
2813 1078 3010 1172 quod
3068 1077 3351 1152 occisor
3411 1077 3619 1151 istius
3652 1066 3803 1151 'filii

1457 1199 1591 1271 suit
1643 1198 1832 1271 filius
1881 1196 2194 1291 Traiani,
2248 1203 2323 1272 et
2384 1197 2584 1291 quod
2644 1198 3001 1272 Traianus
3072 1196 3361 1271 tradidit
3426 1197 3667 1292 ipsum
3732 1197 3804 1270 in

1458 1318 1686 1393 lilium
1742 1318 1912 1393 huic
1961 1317 2255 1394 mulieri
2306 1338 2479 1392 cum
2532 1339 2799 1415 magna
2836 1317 3276 1412 substantia;
3318 1318 3445 1393 sed
3482 1320 3619 1393 hoc
3656 1338 3803 1391 non

1455 1438 1700 1525 credo,
1753 1437 1924 1533 quia
1979 1458 2389 1531 numquam
2445 1438 2687 1511 inveni
2723 1438 3117 1511 Traianum
3162 1438 3503 1513 habuisse
3543 1438 3799 1533 filium,

1455 1558 1607 1632 imo
1659 1559 1812 1653 ipse
1860 1558 2230 1652 adoptavit
2290 1556 2689 1631 Adrianum
2758 1558 3335 1633 valentissimum
3402 1559 3801 1654 imperato-

1460 1699 1640 1754 rem.
1694 1678 1782 1753 Et
1831 1678 2030 1774 ponit
2083 1679 2629 1773 responsionem
2668 1677 3005 1773 principis
3039 1678 3324 1754 dicens:
3362 1684 3429 1751 ee
3457 1681 3594 1770 eali
3626 1700 3675 1751 a
3708 1682 3799 1753 lei

1310 1791 1316 1796 ’
1453 1801 1890 1891 &spondere
1917 1799 2204 1893 supple,
2235 1798 2658 1873 videbatur:
2686 1818 2824 1870 ora
2848 1804 3118 1890 aspelca
3142 1804 3335 1870 tanco
3360 1800 3461 1871 cla'
3486 1802 3558 1871 io
3584 1801 3802 1891 torni,

1453 1919 1716 1991 melius
1766 1918 2016 1993 suisset
2065 1918 2123 1991 si
2176 1918 2661 1992 commisisset
2713 1917 3071 2011 justitiam
3138 1916 3483 2011 alteri3‘e
3533 1921 3795 2010 quella,

1455 2040 1733 2135 supple,
1791 2038 2172 2114 videbatur
2225 2038 2689 2134 respondere,
2724 2058 2917 2111 come
2948 2059 3260 2130 persona
3308 2042 3383 2112 in
3432 2043 3544 2113 cui
3590 2043 3799 2114 dolor

1454 2161 1839 2253 s'affretta,
1907 2160 2080 2253 quia
2131 2159 2340 2233 dolor
2393 2159 2701 2232 faciebat
2760 2178 2926 2232 eam
2980 2158 3479 2252 impatientem
3534 2180 3798 2253 morae3

1455 2283 1715 2372 Sifflwr
1765 2283 1932 2370 mio,
1981 2301 2057 2353 se
2115 2288 2185 2353 tu
2251 2300 2395 2351 non
2456 2282 2691 2352 torni?
2743 2278 2917 2371 quia
2986 2277 3253 2353 dubius
3316 2286 3429 2355 est
3488 2288 3801 2355 eventus

1454 2402 1671 2496 belli;
1725 2409 1800 2477 et
1850 2401 1970 2475 ille
2018 2402 2375 2475 Traianus
2425 2400 2811 2475 videbatur
2846 2400 3328 2494 respondere:
3365 2404 3522 2492 quei
3551 2403 3670 2474 che
3694 2404 3799 2493 fia

1455 2524 1616 2596 dov’
1643 2526 1738 2613 io,
1793 2522 1996 2615 idest,
2051 2522 2122 2595 in
2176 2522 2337 2596 loco
2389 2521 2560 2614 mei,
2602 2524 2674 2593 la
2722 2524 2775 2593 ci
2799 2511 3001 2613 sard,
3036 2520 3327 2615 scilicet,
3370 2521 3599 2616 ipsam
3638 2522 3799 2595 vin-

1454 2641 1722 2716 dictam
1765 2644 1970 2738 juste
1996 2640 2030 2737 3'
2077 2662 2116 2715 e
2175 2645 2429 2736 quella,
2515 2640 2791 2736 supple,
2864 2640 3247 2715 videbatur
3308 2642 3793 2736 respondere:

1452 2765 1497 2836 τ’
1526 2766 1741 2837 alc-rui
1803 2763 1969 2837 bene
2029 2784 2080 2835 a
2147 2770 2209 2836 le
2263 2766 2381 2835 che
2433 2765 2563 2855 fia,
2621 2761 2826 2854 idest,
2879 2760 3053 2854 quid
3082 2754 3155 2852 (¹)
3210 2760 3585 2854 prodesset
3644 2761 3791 2855 tibi,

1449 2902 1525 2955 se
1556 2885 1609 2955 ’l
1667 2890 1784 2955 tuo
1833 2886 2018 2957 melli
2071 2886 2148 2955 in
2214 2882 2445 2955 oblio?
2504 2882 2708 2975 idest,
2768 2882 2830 2953 si
2894 2888 3108 2953 tuum
3165 2881 3439 2954 bonum
3493 2881 3794 2976 justitiae

1454 3001 1674 3075 tradis
1725 3002 2090 3097 oblivioni,
2147 3010 2227 3075 ut
2280 3002 2474 3076 enim
2529 3001 2751 3076 vadas
2799 3000 2892 3076 ad
2924 2992 2997 3092 (²)
3051 3001 3563 3097 expurgandos
3618 3002 3790 3075 bar-

1450 3120 1694 3216 barOS,
1735 3122 1934 3198 cives
1963 3124 2206 3198 hostes
2240 3121 2497 3218 patriae
2532 3122 2879 3215 relinquis
2914 3120 3443 3215 impunitoS.--
3468 3124 3784 3195 Ond’elli.

1451 3242 1580 3315 Hic
1619 3242 1875 3317 ultimo
1918 3250 2130 3338 poeta
2181 3242 2383 3339 ponit
2432 3242 2776 3317 effectum
2812 3241 3098 3316 dicens:
3145 3243 3479 3333 Ond'ellae',
3514 3243 3788 3337 supple,
3892 3270 3919 3294 ⁴·

1451 3362 1808 3438 Traianus
1849 3364 2235 3440 videbatur
2270 3362 2747 3458 respondere:
2784 3382 2872 3436 or
2912 3366 2963 3436 ta·
2993 3366 3343 3456 conforta,
3370 3362 3577 3457 idest,
3613 3382 3789 3460 ergo

1451 3485 1856 3579 consolare,
1895 3484 2181 3576 mulier,
2211 3477 2333 3556 che*
2358 3505 2685 3575 convene,
2722 3503 2811 3557 ex
2857 3503 3007 3576 quo
3056 3481 3340 3557 debitor
3387 3489 3561 3556 tuus
3600 3505 3789 3578 sum,

1449 3604 1647 3675 ch'io
1694 3607 1897 3676 solva
1943 3607 1999 3676 il
2044 3608 2184 3676 mio
2234 3605 2515 3692 dovere,
2565 3603 2774 3695 idest,
2817 3603 3097 3676 solvam
3136 3621 3388 3676 meum
3434 3602 3784 3696 debitum,

1448 3723 1693 3796 ’nami
1740 3727 1936 3796 clt’io
1971 3744 2226 3797 muova
2244 3750 2274 3816 ,·
2310 3731 2470 3799 erat
2504 3723 2698 3798 enim
2727 3724 2883 3818 jam
2920 3722 2993 3796 in
3037 3722 3438 3817 procinctu,
3474 3730 3549 3797 et
3581 3722 3779 3798 dicit:

1445 3847 1772 3938 yiustizia
1823 3848 2020 3919 vuole
2052 3867 2090 3918 e
2115 3836 2303 3937 piel&
2338 3847 2434 3916 mi
2464 3847 2727 3918 aliene.
2782 3843 2869 3918 Et
2929 3844 3043 3918 hic
3098 3851 3266 3918 nota
3318 3843 3516 3938 quod
3566 3844 3786 3939 aliqui

1447 3967 1698 4041 dicunt
1749 3967 1865 4041 hic
1917 3967 2114 4062 quod
2174 3967 2309 4041 iste
2371 3973 2579 4040 actus
2628 3965 2917 4040 Traiani
2983 3965 3215 4062 magis
3274 3965 3565 4039 videtur
3625 3984 3788 4059 spe-

1448 4095 1652 4162 ctare
1705 4086 1794 4161 ad
1827 4087 2213 4180 justitiam,
2256 4107 2480 4181 quam
2516 4086 2606 4160 ad
2661 4086 3167 4161 humilitatem.
3223 4082 3326 4159 Ad
3380 4085 3578 4178 quod
3628 4084 3784 4160 dico

1447 4207 1646 4302 quod
1696 4207 1813 4281 hic
1865 4207 2000 4280 fuit
2049 4228 2317 4304 magna
2342 4207 2619 4301 justitia
2658 4213 2731 4281 el
2766 4206 3177 4300 clementia,
3213 4225 3383 4300 quae
3414 4212 3588 4280 sunt
3620 4206 3783 4280 duae

1447 4326 1757 4400 virtutes
1824 4327 2252 4422 principales
2320 4326 2754 4422 principum,
2826 4327 2955 4401 sed
3022 4325 3343 4400 maxima
3418 4326 3781 4400 humilitas

1447 4449 1580 4522 fuit
1614 4441 2190 4522 'fundamentum
2248 4446 2463 4521 huius
2516 4447 2824 4522 virtutis.
2880 4447 3095 4522 Certe
3148 4446 3473 4522 maxima
3538 4447 3781 4520 humi-

1446 4568 1644 4643 liatio
1695 4568 1831 4641 fuit
1879 4567 2076 4662 quod
2125 4568 2519 4642 altissimus
2568 4567 2903 4663 princeps
2964 4567 3062 4642 ita
3123 4567 3507 4641 inclinaret
3558 4555 3785 4662 impe-

1449 4687 1795 4764 ratoriam
1845 4688 2298 4763 maiestatem
2336 4688 2428 4763 ad
2462 4687 2898 4762 audiendam
2940 4687 3452 4792 mulierculam
3488 4686 3779 4782 ploran-

1449 4816 1599 4882 tem
1653 4801 1791 4882 sub
1841 4808 2172 4910 superbis
2222 4808 2441 4905 signis
2493 4809 2567 4882 in
2599 4808 2876 4903 Campo
2910 4807 3167 4882 Martio
3206 4807 3548 4902 superbe,
3594 4806 3785 4880 inter

1573 5062 1627 5124 (¹)
1660 5061 1721 5112 B.
1751 5063 1876 5126 quid
1908 5065 2118 5126 prodest
2149 5064 2273 5114 tibi?
2447 5035 2453 5042 ο
2520 5061 2577 5127 (¹)
2609 5063 2670 5114 B.
2702 5077 2733 5114 e
2769 5067 2876 5123 117.
2910 5063 2973 5113 ad
3004 5063 3371 5128 expugnandos
3403 5062 3666 5114 barbaros.
