4392 6850
1263 870 1539 928 emus
1588 872 1903 931 nmmos
1950 874 2292 933 ocnvus
2696 890 2709 907 .
2819 869 2957 937 491

620 1018 697 1086 et
746 1012 883 1087 boc
930 1012 1025 1089 de
1078 1035 1329 1091 mense
1378 1014 1629 1091 Martii.
1685 1018 1773 1092 Et
1822 1021 2017 1095 stetit
2078 1022 2181 1097 sic
2231 1021 2690 1098 destructum
2743 1027 2964 1119 quin·-

618 1150 767 1225 que
799 1134 1031 1207 annis,
1064 1135 1151 1207 Et
1189 1136 1305 1211 hic
1344 1142 1513 1212 nota
1547 1138 1745 1232 quod
1778 1140 2262 1237 Mediolanum
2293 1142 2714 1239 metropolis
2737 1146 2963 1220 Lom-

618 1253 891 1328 bardiae
940 1255 1115 1329 olim
1169 1256 1606 1331 aedificatum
1658 1265 1769 1334 est
1816 1280 1861 1335 a
1910 1258 2137 1357 gallis
2192 1264 2375 1337 Nam
2429 1266 2598 1360 galli
2649 1284 2957 1342 senones

616 1376 809 1451 duce
850 1378 1164 1473 Brenno,
1202 1380 1637 1455 transcensis
1669 1375 1967 1477 Alpibus
2013 1389 2092 1458 et
2142 1386 2462 1480 expulsis
2513 1388 2759 1482 tuscis,
2813 1408 2958 1463 non

617 1499 835 1595 longe
882 1521 929 1575 a
978 1500 1225 1575 Ticino
1278 1500 1581 1577 flumine
1630 1502 2073 1579 audiverunt
2123 1524 2299 1579 eum
2361 1508 2606 1583 locum
2670 1507 2744 1583 in
2807 1529 2960 1603 quo

618 1619 1193 1695 conscenderant
1240 1641 1509 1715 agrum
1560 1618 1972 1697 insubrium
2024 1624 2408 1721 appellari3
2453 1635 2529 1702 et
2576 1628 2748 1722 quia
2785 1629 2956 1703 villa

616 1738 865 1813 Galliae
898 1740 1005 1815 sic
1038 1740 1467 1834 vocabatur,
1522 1747 1913 1836 sequentes
1964 1764 2233 1819 nomen
2285 1745 2424 1819 loci
2473 1747 2956 1823 condiderunt

618 1860 879 1934 urbem
915 1880 1138 1955 quam
1176 1860 1659 1935 Mediolanum
1698 1865 2187 1960 appellarunt3
2227 1865 2423 1939 unde
2457 1867 2954 1943 mediolanen-

612 2000 731 2055 ses
776 1979 947 2077 galli
999 1981 1335 2055 insubres
1385 2002 1579 2077 saepe
1618 1992 1979 2059 vocantur
2026 2006 2075 2061 a
2124 1986 2284 2060 Tito
2323 1987 2526 2062 Livio
2561 1994 2636 2063 et
2665 1989 2844 2083 aliiS,
2879 1994 2956 2065 et

613 2120 853 2195 usque
902 2101 973 2175 in
1026 2102 1449 2177 hodiernam
1506 2102 1697 2179 diem
1751 2104 1941 2180 bona
1995 2126 2165 2200 pars
2227 2108 2388 2203 agri
2453 2108 2949 2183 mediolanen-

612 2222 805 2295 sium
856 2228 1167 2299 vocatur
1200 2222 1634 2297 insubrium.
1671 2223 2137 2299 vocaverunt
2172 2234 2425 2301 autem
2461 2228 2948 2303 Mediolanum

610 2338 703 2417 ab
752 2342 1067 2438 augurio
1120 2343 1438 2437 notabili,
1483 2344 1657 2438 quia
1690 2345 1765 2417 in
1800 2344 1959 2419 eius
1992 2344 2467 2419 aedificatione
2505 2347 2798 2423 inventa
2839 2354 2950 2422 est

610 2482 831 2557 porca
883 2483 1018 2558 pro
1092 2463 1330 2537 media
1401 2470 1609 2559 parte
1686 2466 1955 2539 lanosa.
2010 2465 2214 2541 Unde
2263 2465 2641 2541 Mediolani
2695 2466 2768 2541 in
2819 2488 2951 2563 pa—

612 2582 779 2656 latio
828 2603 1143 2657 annonae
1194 2590 1365 2657 sunt
1415 2583 1733 2679 inscripti
1798 2585 1871 2658 hi
1922 2606 2220 2659 versus:
2277 2591 2408 2663 Sus
2453 2590 2588 2680 fuit
2633 2590 2944 2661 inventus

608 2702 724 2776 ubi
764 2704 930 2795 fioeit
975 2712 1214 2777 castra
1247 2702 1576 2794 juvenem
1593 2728 1617 2775 .·
1666 2708 1751 2777 In
1802 2706 2025 2778 medio
2065 2711 2266 2797 teryo
2317 2709 2559 2779 lanam
2609 2709 2783 2797 tulit,
2818 2728 2944 2779 ac-

608 2824 773 2897 cidit
817 2844 1017 2913 eryo,
1076 2828 1160 2896 Ut
1205 2844 1458 2897 nomen
1508 2831 1789 2915 aptaret
1823 2825 2423 2917 mediolanumque
2473 2834 2772 2899 vocaret.
2810 2827 2946 2900 Alii

470 2942 477 2949 '
608 2948 857 3017 tamen
908 2944 1161 3018 dicunt
1211 2943 1409 3039 quod
1456 2944 1941 3019 Mediolanum
1976 2952 2089 3019 est
2122 2946 2330 3040 quasi
2367 2945 2438 3019 in
2485 2946 2724 3021 medio
2757 2944 2946 3020 duo-

609 3083 773 3136 rum
827 3064 1183 3157 amnium,
1236 3065 1505 3140 scilicet
1554 3064 1773 3139 Ticini
1826 3070 1901 3139 et
1948 3064 2200 3139 Ambri
2261 3067 2376 3141 vel
2429 3066 2724 3141 Adduae.
2778 3066 2944 3140 Fuit

604 3188 849 3257 autem
902 3183 1387 3258 Mediolanum
1442 3186 1615 3259 olim
1682 3190 1939 3279 potens
2000 3186 2277 3280 civitas,
2329 3193 2404 3261 et
2454 3188 2612 3283 jam
2675 3188 2944 3263 florens

606 3307 935 3398 tempore
990 3304 1233 3400 magni
1301 3305 1639 3399 Marcelli,
1694 3305 1822 3400 qui
1884 3326 2137 3401 regem
2204 3326 2467 3381 eorum
2499 3306 2943 3382 -Viridoma-

604 3443 773 3498 rum
826 3443 1050 3498 manu
1102 3447 1237 3500 sua
1288 3425 1774 3500 obtruncavit.
1840 3425 1981 3501 Sed
2042 3428 2262 3522 Papia
2323 3434 2575 3523 postea
2629 3429 2762 3502 fuit
2810 3447 2944 3524 po·-

600 3543 869 3617 tentior
920 3550 1252 3640 tempore
1306 3546 1511 3642 regni
1563 3546 2226 3643 longobardorum3
2283 3547 2417 3621 suit
2475 3548 2669 3622 enim
2731 3548 2938 3622 sedes

604 3662 807 3759 regni
857 3683 1158 3738 eorum:
1216 3665 1429 3740 hodie
1480 3671 1725 3740 tamen
1778 3671 1889 3741 est
1938 3667 2266 3742 subiecta
2316 3665 2717 3745 Mediolano
2769 3687 2942 3742 cum

602 3783 859 3858 maiori
912 3792 1119 3880 parte
1166 3783 1641 3860 Lombardiae.
1669 3824 1769 3840 —-
1794 3791 1861 3858 E
1906 3789 2041 3860 tale
2073 3789 2167 3858 Ιια
2196 3777 2340 3878 yid.
2379 3784 2507 3862 Hic
2541 3787 2774 3862 dictus
2807 3789 2941 3862 ab·
3035 3851 3050 3870 .

600 3903 752 3997 baS,
804 3905 976 3998 quia
1032 3905 1303 3980 fecerat
1364 3905 1809 3982 mentionem
1882 3907 1976 3980 de
2034 3911 2284 3980 sancto
2345 3908 2658 4000 Zenone,
2723 3907 2934 3981 cuius

602 4025 1125 4099 monasterium
1166 4027 1317 4120 ipse
1358 4024 1656 4122 egregie
1686 4024 2258 4122 gubernaverat,
2299 4026 2633 4101 dolenter
2669 4027 2836 4100 facit
2856 4019 2930 4118 (¹)

597 4145 975 4237 querelam
1040 4146 1133 4219 de
1194 4146 1337 4219 alio
1397 4145 1718 4239 quodam
1779 4146 2047 4220 abbate
2110 4167 2534 4221 successore
2593 4167 2752 4240 suo,
2805 4149 2931 4241 qul

596 4265 937 4359 nequiter
986 4251 1347 4342 tractabat
1397 4266 1573 4340 illud
1622 4265 1824 4341 dives
1872 4272 1947 4340 et
1998 4267 2242 4340 nobile
2291 4267 2668 4361 templum.
2717 4267 2804 4339 Et
2843 4267 2932 4342 ad

596 4381 1141 4482 intelligentiam
1196 4385 1417 4459 huius
1468 4385 1697 4460 literae
1748 4392 2034 4481 oportet
2098 4387 2308 4480 scire,
2372 4387 2568 4481 quod
2639 4391 2935 4460 mortuo

596 4499 947 4576 Eccerino
988 4501 1082 4577 de
1114 4503 1469 4597 Romano,
1506 4502 1850 4576 Mastinus
1890 4501 2086 4577 dela
2128 4502 2336 4576 Scala
2380 4503 2612 4578 sactus
2653 4513 2765 4580 est
2803 4503 2936 4577 do-

596 4619 839 4694 minus
889 4623 1219 4696 Veronae.
1257 4625 1418 4712 Quo
1452 4621 1813 4696 trucidato
1846 4622 1941 4696 ab
1981 4622 2288 4716 aemuliS,
2329 4622 2668 4696 Albertus
2709 4622 2936 4697 frater

595 4740 751 4816 eius
800 4743 1149 4817 successit
1202 4743 1271 4816 in
1324 4742 1645 4817 dominio
1696 4749 1770 4816 et
1834 4739 2222 4816 vindicavit
2287 4751 2604 4817 mortem
2667 4743 2928 4817 fratris

718 5006 773 5064 (¹)
806 5003 865 5054 Ε.
900 5003 1023 5054 fecit
1052 5003 1379 5055 memoriam.
