4392 6850
1455 935 1552 1000 54
2186 945 2595 1000 COMENTUM
2642 945 3079 1002 PURGATORII

1459 1090 1719 1166 eadem
1799 1091 2122 1186 regione,
2202 1090 2351 1164 imo
2426 1090 2765 1184 quaedam
2836 1097 3007 1164 sunt
3076 1089 3309 1188 magis
3367 1093 3795 1187 propinquae

1453 1212 1740 1307 orienti,
1785 1211 2126 1306 quaedam
2181 1211 2417 1307 magis
2460 1217 2767 1287 remotae
2814 1211 2913 1285 ab
2962 1232 3088 1306 eo;
3143 1212 3339 1287 unde
3372 1232 3508 1287 nec
3558 1214 3798 1288 omni-

1453 1332 1592 1407 bus
1642 1333 1716 1406 in
1767 1332 2028 1407 eodem
2081 1337 2415 1428 tempore
2448 1332 2555 1406 sol
2590 1331 2851 1424 oritur,
2898 1351 3033 1406 nec
3068 1332 3356 1427 occidit3
3402 1353 3536 1408 nec
3579 1334 3797 1408 simul

1453 1472 1711 1527 omnes
1762 1453 2034 1526 habent
2083 1451 2491 1544 meridiem,
2544 1451 2735 1527 sicut
2776 1470 2913 1526 nec
2948 1449 3169 1526 simul
3208 1453 3479 1527 habent
3538 1474 3797 1528 omnes

1453 1578 1702 1647 ortum
1739 1578 1811 1646 et
1845 1591 2226 1646 occasum:
2264 1570 2416 1644 imo
2450 1570 2547 1645 illi
2583 1570 2911 1665 quisunt
2945 1569 3501 1677 propinquiores
3534 1572 3795 1648 orienti

1451 1692 1722 1767 habent
1771 1691 1984 1766 citius
2037 1689 2444 1783 meridiem,
2495 1691 2827 1766 similiter
2877 1697 2951 1766 et
3001 1711 3222 1765 suum
3280 1692 3790 1768 meridianum.

1450 1813 1534 1886 In
1582 1811 1949 1908 proposito
2001 1831 2182 1906 ergo
2232 1817 2450 1906 poeta
2500 1832 2647 1886 non
2698 1811 3024 1905 loquitur
3075 1812 3167 1888 de
3217 1813 3620 1888 meridiano
3671 1835 3797 1889 ar-

1454 1929 1742 2025 tificiali,
1795 1929 2028 2024 qualis
2079 1940 2190 2006 est
2238 1930 2649 2025 praedictus,
2704 1931 2855 2006 imo
2904 1931 2997 2006 de
3049 1932 3387 2027 naturali,
3440 1933 3567 2028 qui
3618 1933 3797 2008 divi-

1453 2052 1556 2127 dit
1605 2050 1826 2125 istum
1881 2057 2217 2125 nostrum
2271 2052 2795 2146 hemisperium
2831 2053 3171 2147 superius
3219 2051 3294 2127 in
3345 2053 3494 2128 duo
3544 2075 3796 2149 aequa3

1455 2179 1530 2248 et
1579 2172 1654 2246 in
1705 2192 1856 2268 quo
1909 2172 2204 2266 quando
2255 2179 2365 2246 est
2404 2173 2513 2246 sol
2552 2173 2935 2267 aequaliter
2968 2173 3181 2248 distat
3219 2194 3264 2248 a
3300 2194 3479 2249 vero
3516 2175 3799 2249 oriente

1455 2304 1530 2370 et
1577 2313 1624 2367 a
1675 2313 1854 2379 vero
1905 2292 2304 2387 occidente,
2358 2299 2433 2368 et
2482 2293 2557 2366 in
2620 2313 2711 2368 eo
2780 2295 3019 2368 solum
3093 2294 3433 2370 meridies
3500 2295 3799 2370 deberet

1460 2433 1622 2490 esse
1672 2414 1730 2488 si
1781 2435 2038 2488 omnes
2069 2419 2327 2510 gentes
2366 2422 2607 2488 essent
2641 2415 3024 2508 aequaliter
3056 2415 3235 2508 sitae,
3270 2421 3345 2490 et
3381 2415 3514 2488 nisi
3550 2421 3799 2488 tumor

1457 2544 1679 2612 terrae
1731 2533 2132 2627 impediret.
2187 2532 2429 2606 Tertio
2480 2539 2654 2608 nota
2702 2553 2927 2629 super
2978 2554 3068 2609 eo
3118 2534 3315 2628 quod
3352 2540 3564 2630 poeta
3604 2533 3797 2627 dicit,

1455 2653 1658 2748 quod
1707 2652 2154 2727 meridianus
2214 2651 2393 2748 tegit
2458 2652 2954 2749 Hierusalem3
3020 2675 3189 2729 nam
3252 2654 3541 2730 videtur
3588 2654 3797 2728 dubi-

1457 2773 1762 2848 tandum
1799 2773 1891 2847 de
1929 2792 2020 2846 eo
2071 2772 2271 2865 quod
2320 2771 2491 2846 dicit
2525 2773 2661 2866 hic,
2700 2779 2773 2848 et
2812 2773 2983 2848 alibi
3018 2774 3195 2848 dixit
3234 2781 3310 2849 et
3342 2774 3557 2869 dicet,
3600 2773 3794 2868 quod

1451 2893 1910 2968 Hierusalem
1961 2893 2052 2966 sit
2101 2893 2176 2966 in
2226 2892 2469 2966 medio
2516 2892 2791 2988 mundi,
2831 2915 2998 2968 nam
3052 2894 3507 2968 contrarium
3547 2893 3795 2968 viden-

1454 3019 1580 3112 tur
1627 3013 1872 3087 dicere
1925 3011 2172 3107 magni
2206 3013 2609 3106 philosophi
2658 3019 2733 3088 et
2786 3013 3123 3112 theologi.
3168 3013 3571 3089 Dicendum
3624 3013 3795 3088 bre-

1455 3135 1644 3210 viter
1695 3133 1890 3227 quod
1945 3133 2399 3208 Hierusalem
2437 3139 2673 3229 potest
2722 3132 2861 3208 dici
2912 3154 3071 3208 esse
3122 3134 3197 3208 in
3246 3133 3488 3209 medio
3540 3132 3793 3207 mundi

1454 3273 1549 3329 ex
1600 3253 2014 3328 testimonio
2066 3253 2309 3329 Sacrae
2346 3254 2781 3349 Scripturae:
2828 3260 2937 3329 est
2980 3255 3201 3330 etiam
3254 3255 3329 3330 in
3382 3255 3625 3330 medio
3678 3275 3795 3330 re-

1452 3373 1688 3471 gionis
1739 3373 2043 3468 Judaeae3
2079 3373 2277 3448 unde
2321 3373 2700 3471 Egisippus
2746 3373 2821 3449 in
2854 3374 3039 3450 libro
3081 3375 3174 3451 de
3205 3375 3619 3471 captivitate
3667 3375 3795 3450 he-

1455 3494 1860 3589 braeorum,
1913 3494 2128 3569 dicit:
2183 3496 2289 3595 ln·
2326 3495 2565 3569 medio
2615 3501 2869 3569 autem
2921 3496 3191 3571 Judaeae
3242 3497 3493 3571 civitas
3554 3496 3795 3570 hiero-

1453 3613 1864 3689 solimitana
1899 3614 2110 3708 quasi
2147 3614 2536 3688 umbilicus
2572 3615 2888 3711 regionis
2925 3615 3169 3711 totiuS,
3206 3622 3289 3690 ut
3323 3615 3793 3723 prudentibus

1451 3734 1748 3831 placuit,
1785 3720 2167 3809 abundans
2195 3735 2403 3830 regio
2432 3735 2983 3810 mediterraneis
3017 3736 3261 3832 copiiS,
3290 3756 3427 3811 nec
3461 3735 3793 3810 fraudata

1453 3854 1862 3949 maritimiS,
1904 3854 2002 3929 ita
2055 3862 2139 3928 ut
2189 3855 2400 3949 quasi
2448 3863 2669 3951 caput
2721 3856 2793 3928 in
2844 3876 3156 3951 corpore
3204 3877 3353 3931 non
3403 3855 3795 3931 obumbret

1451 3997 1589 4050 sua
1640 3976 1977 4050 membra
2027 3975 2154 4051 sed
2208 3983 2441 4073 regat,
2478 3982 2703 4070 atque
2742 3975 2811 4051 ei
2846 3975 3132 4050 tuitioni
3178 3977 3269 4051 sit
3318 3982 3392 4052 et
3439 3976 3795 4073 pulcritu-

1450 4094 1646 4190 dini3
1697 4094 1790 4171 de
1840 4116 1989 4189 qua
2039 4116 2235 4191 saepe
2286 4096 2519 4170 multa
2570 4095 2906 4170 dicentur
2955 4096 3029 4169 in
3081 4097 3218 4171 isto
3269 4096 3477 4171 libro.
3530 4098 3619 4169 Et
3666 4117 3795 4191 po-

1451 4216 1589 4290 sito
1640 4216 1836 4310 quod
1887 4216 2029 4291 hoc
2079 4238 2228 4291 non
2262 4216 2355 4291 sit
2393 4236 2660 4291 verum
2704 4216 3063 4311 historice,
3104 4224 3349 4291 tamen
3386 4222 3496 4292 est
3530 4236 3791 4291 verum

1450 4336 1873 4432 allegorice:
1923 4342 1996 4411 et
2031 4336 2407 4433 eleganter
2447 4343 2666 4432 poeta
2703 4334 2906 4432 fingit
2944 4336 3144 4431 quod
3184 4338 3319 4412 iste
3354 4357 3567 4412 mons
3616 4357 3793 4431 pur-

1449 4455 1714 4553 gatorii
1762 4455 2036 4532 directe
2087 4463 2198 4531 est
2265 4456 2647 4552 oppositus
2696 4455 3001 4551 inferno,
3064 4456 3237 4551 quia
3302 4457 3534 4531 virtus
3597 4462 3795 4531 recte

1451 4576 1946 4651 contrariatur
1997 4577 2194 4671 vitio,
2250 4577 2437 4651 sicut
2476 4577 2632 4672 jam
2688 4576 3142 4652 declaratum
3196 4584 3307 4653 est
3345 4578 3539 4653 circa
3577 4578 3793 4652 finem

1453 4693 1735 4769 inferni.
1777 4696 2059 4784 Quarto
2110 4703 2185 4770 et
2238 4697 2495 4771 ultimo
2544 4702 2717 4771 nota
2769 4696 2967 4790 quod
3013 4698 3195 4773 hora
3248 4697 3599 4793 temporis
3650 4717 3793 4793 qua

1449 4823 1670 4890 autor
1720 4813 2016 4890 intravit
2056 4815 2569 4913 purgatorium
2612 4816 2887 4911 optime
2928 4816 3267 4903 convenit
3300 4818 3631 4891 materiae
3669 4817 3795 4891 de-

1451 4932 1890 5033 scribendae:
1947 4935 2144 5011 unde
2190 4935 2530 5033 Virgilius
2580 4936 2653 5009 in
2706 4934 2921 5009 simili
2972 4958 3147 5012 casu
3200 4937 3539 5013 describit
3588 4958 3793 5011 eam-

1447 5056 1618 5131 dem
1671 5056 1933 5131 horam
1983 5057 2261 5153 pulcre.
2317 5058 2504 5131 Cum
2564 5056 2761 5131 enim
2813 5058 3046 5133 Eneas
3110 5058 3409 5134 veniens
3458 5080 3503 5133 a
3554 5058 3789 5151 Troia,
