<?xml version="1.0" encoding="UTF-8"?>
<!DOCTYPE html PUBLIC "-//W3C//DTD XHTML 1.0 Transitional//EN"
    "http://www.w3.org/TR/xhtml1/DTD/xhtml1-transitional.dtd">
<html xmlns="http://www.w3.org/1999/xhtml" xml:lang="en" lang="en">
 <head>
  <title>
</title>
<meta http-equiv="Content-Type" content="text/html;charset=utf-8" />
  <meta name='ocr-system' content='tesseract 3.04.00' />
  <meta name='ocr-capabilities' content='ocr_page ocr_carea ocr_par ocr_line ocrx_word'/>
</head>
<body>
  <div class='ocr_page' id='page_1' title='image "./comentumsuperda02unkngoog_0190.png"; bbox 0 0 4392 6850; ppageno 0'>
   <div class='ocr_carea' id='block_1_1' title="bbox 1475 949 3082 1016">
    <p class='ocr_par' dir='ltr' id='par_1_1' title="bbox 1475 949 3082 1016">
     <span class='ocr_line' id='line_1_1' title="bbox 1475 949 3082 1016; baseline -0.002 -2"><span class='ocrx_word' id='word_1_1' title='bbox 1475 949 1612 1016; x_wconf 83' lang='lat'><strong>178</strong></span> <span class='ocrx_word' id='word_1_2' title='bbox 2187 957 2598 1013; x_wconf 80' lang='lat' dir='ltr'><strong>COMENTUM</strong></span> <span class='ocrx_word' id='word_1_3' title='bbox 2644 956 3082 1013; x_wconf 71' lang='lat' dir='ltr'><strong>mnenonu</strong></span> 
     </span>
    </p>
   </div>
   <div class='ocr_carea' id='block_1_2' title="bbox 1468 1103 3817 4929">
    <p class='ocr_par' dir='ltr' id='par_1_2' title="bbox 1468 1103 3817 4929">
     <span class='ocr_line' id='line_1_2' title="bbox 1472 1103 3809 1200; baseline -0.001 -20"><span class='ocrx_word' id='word_1_4' title='bbox 1472 1111 1586 1180; x_wconf 66' lang='grc' dir='ltr'><strong>κη’</strong></span> <span class='ocrx_word' id='word_1_5' title='bbox 1610 1110 1877 1199; x_wconf 82' lang='lat' dir='ltr'><strong>anima,</strong></span> <span class='ocrx_word' id='word_1_6' title='bbox 1949 1108 2052 1180; x_wconf 61' lang='grc' dir='ltr'><strong>αι’</strong></span> <span class='ocrx_word' id='word_1_7' title='bbox 2077 1105 2120 1182; x_wconf 74' lang='grc' dir='ltr'><strong>ε’</strong></span> <span class='ocrx_word' id='word_1_8' title='bbox 2171 1113 2383 1200; x_wconf 80' lang='lat' dir='ltr'><strong>posta</strong></span> <span class='ocrx_word' id='word_1_9' title='bbox 2448 1110 2605 1180; x_wconf 83' lang='lat' dir='ltr'><strong>sola</strong></span> <span class='ocrx_word' id='word_1_10' title='bbox 2672 1109 2936 1180; x_wconf 78' lang='lat' dir='ltr'><strong>selecta.</strong></span> <span class='ocrx_word' id='word_1_11' title='bbox 3006 1105 3096 1178; x_wconf 93' lang='lat' dir='ltr'><strong>Et</strong></span> <span class='ocrx_word' id='word_1_12' title='bbox 3162 1103 3280 1180; x_wconf 90' lang='lat' dir='ltr'><strong>hic</strong></span> <span class='ocrx_word' id='word_1_13' title='bbox 3352 1111 3547 1200; x_wconf 89' lang='lat' dir='ltr'><strong>nota,</strong></span> <span class='ocrx_word' id='word_1_14' title='bbox 3620 1103 3809 1199; x_wconf 90' lang='lat' dir='ltr'><strong>quod</strong></span> 
     </span>
     <span class='ocr_line' id='line_1_3' title="bbox 1468 1223 3806 1322; baseline -0.001 -21"><span class='ocrx_word' id='word_1_15' title='bbox 1468 1235 1682 1322; x_wconf 89' lang='lat' dir='ltr'><strong>poeta</strong></span> <span class='ocrx_word' id='word_1_16' title='bbox 1735 1227 1934 1321; x_wconf 91' lang='lat' dir='ltr'><strong>ponit</strong></span> <span class='ocrx_word' id='word_1_17' title='bbox 1985 1226 2400 1302; x_wconf 89' lang='lat' dir='ltr'><strong>Sordellum</strong></span> <span class='ocrx_word' id='word_1_18' title='bbox 2450 1232 2875 1322; x_wconf 87' lang='lat' dir='ltr'><strong>separatum</strong></span> <span class='ocrx_word' id='word_1_19' title='bbox 2927 1245 2973 1298; x_wconf 90' lang='lat' dir='ltr'><strong>a</strong></span> <span class='ocrx_word' id='word_1_20' title='bbox 3024 1223 3491 1300; x_wconf 90' lang='lat' dir='ltr'><strong>multitudiue</strong></span> <span class='ocrx_word' id='word_1_21' title='bbox 3544 1245 3806 1322; x_wconf 87' lang='lat' dir='ltr'><strong>magua</strong></span> 
     </span>
     <span class='ocr_line' id='line_1_4' title="bbox 1469 1344 3805 1442; baseline -0.002 -20"><span class='ocrx_word' id='word_1_22' title='bbox 1469 1354 1910 1422; x_wconf 81' lang='lat' dir='ltr'><strong>caeterarum</strong></span> <span class='ocrx_word' id='word_1_23' title='bbox 1963 1348 2409 1442; x_wconf 87' lang='lat' dir='ltr'><strong>animarum,</strong></span> <span class='ocrx_word' id='word_1_24' title='bbox 2454 1347 2737 1424; x_wconf 84' lang='lat' dir='ltr'><strong>ratione</strong></span> <span class='ocrx_word' id='word_1_25' title='bbox 2786 1344 3272 1440; x_wconf 84' lang='lat' dir='ltr'><strong>excellentiae3</strong></span> <span class='ocrx_word' id='word_1_26' title='bbox 3316 1345 3490 1439; x_wconf 89' lang='lat' dir='ltr'><strong>quia</strong></span> <span class='ocrx_word' id='word_1_27' title='bbox 3525 1345 3663 1419; x_wconf 82' lang='lat' dir='ltr'><strong>fuit</strong></span> <span class='ocrx_word' id='word_1_28' title='bbox 3697 1345 3805 1419; x_wconf 89' lang='lat' dir='ltr'><strong>vir</strong></span> 
     </span>
     <span class='ocr_line' id='line_1_5' title="bbox 1471 1463 3802 1564; baseline -0.001 -23"><span class='ocrx_word' id='word_1_29' title='bbox 1471 1467 1854 1564; x_wconf 86' lang='lat' dir='ltr'><strong>singularis</strong></span> <span class='ocrx_word' id='word_1_30' title='bbox 1906 1467 2196 1542; x_wconf 87' lang='lat' dir='ltr'><strong>virtutis</strong></span> <span class='ocrx_word' id='word_1_31' title='bbox 2246 1466 2321 1541; x_wconf 90' lang='lat' dir='ltr'><strong>in</strong></span> <span class='ocrx_word' id='word_1_32' title='bbox 2380 1467 2681 1562; x_wconf 82' lang='lat' dir='ltr'><strong>munde,</strong></span> <span class='ocrx_word' id='word_1_33' title='bbox 2733 1466 2903 1540; x_wconf 88' lang='lat' dir='ltr'><strong>licet</strong></span> <span class='ocrx_word' id='word_1_34' title='bbox 2970 1464 3433 1560; x_wconf 85' lang='lat' dir='ltr'><strong>impoenitens</strong></span> <span class='ocrx_word' id='word_1_35' title='bbox 3502 1465 3575 1538; x_wconf 89' lang='lat' dir='ltr'><strong>in</strong></span> <span class='ocrx_word' id='word_1_36' title='bbox 3639 1463 3802 1538; x_wconf 89' lang='lat' dir='ltr'><strong>vita.</strong></span> 
     </span>
     <span class='ocr_line' id='line_1_6' title="bbox 1469 1583 3806 1683; baseline -0.001 -23"><span class='ocrx_word' id='word_1_37' title='bbox 1469 1587 1662 1682; x_wconf 87' lang='lat' dir='ltr'><strong>Ergo</strong></span> <span class='ocrx_word' id='word_1_38' title='bbox 1686 1587 1888 1683; x_wconf 91' lang='lat' dir='ltr'><strong>ponit</strong></span> <span class='ocrx_word' id='word_1_39' title='bbox 1929 1587 2341 1662; x_wconf 90' lang='lat' dir='ltr'><strong>Sordellum</strong></span> <span class='ocrx_word' id='word_1_40' title='bbox 2378 1586 2642 1681; x_wconf 84' lang='lat' dir='ltr'><strong>solum,</strong></span> <span class='ocrx_word' id='word_1_41' title='bbox 2680 1587 2867 1661; x_wconf 87' lang='lat' dir='ltr'><strong>sicut</strong></span> <span class='ocrx_word' id='word_1_42' title='bbox 2908 1584 3329 1660; x_wconf 88' lang='lat' dir='ltr'><strong>Saladinum</strong></span> <span class='ocrx_word' id='word_1_43' title='bbox 3371 1585 3445 1659; x_wconf 90' lang='lat' dir='ltr'><strong>in</strong></span> <span class='ocrx_word' id='word_1_44' title='bbox 3481 1583 3806 1679; x_wconf 81' lang='lat' dir='ltr'><strong>infern03</strong></span> 
     </span>
     <span class='ocr_line' id='line_1_7' title="bbox 1471 1704 3808 1802; baseline -0.001 -21"><span class='ocrx_word' id='word_1_45' title='bbox 1471 1706 1590 1782; x_wconf 90' lang='lat' dir='ltr'><strong>vel</strong></span> <span class='ocrx_word' id='word_1_46' title='bbox 1638 1707 1841 1802; x_wconf 91' lang='lat' dir='ltr'><strong>ponit</strong></span> <span class='ocrx_word' id='word_1_47' title='bbox 1902 1708 2090 1782; x_wconf 88' lang='lat' dir='ltr'><strong>hanc</strong></span> <span class='ocrx_word' id='word_1_48' title='bbox 2147 1706 2473 1780; x_wconf 87' lang='lat' dir='ltr'><strong>animam</strong></span> <span class='ocrx_word' id='word_1_49' title='bbox 2534 1706 2791 1800; x_wconf 90' lang='lat' dir='ltr'><strong>solam,</strong></span> <span class='ocrx_word' id='word_1_50' title='bbox 2844 1705 3050 1800; x_wconf 86' lang='lat' dir='ltr'><strong>idest,</strong></span> <span class='ocrx_word' id='word_1_51' title='bbox 3115 1704 3557 1799; x_wconf 84' lang='lat' dir='ltr'><strong>solitariam3</strong></span> <span class='ocrx_word' id='word_1_52' title='bbox 3617 1704 3808 1779; x_wconf 88' lang='lat' dir='ltr'><strong>unde</strong></span> 
     </span>
     <span class='ocr_line' id='line_1_8' title="bbox 1471 1821 3807 1924; baseline -0.001 -22"><span class='ocrx_word' id='word_1_53' title='bbox 1471 1827 1712 1924; x_wconf 85' lang='lat' dir='ltr'><strong>audio,</strong></span> <span class='ocrx_word' id='word_1_54' title='bbox 1777 1829 1974 1922; x_wconf 90' lang='lat' dir='ltr'><strong>quod</strong></span> <span class='ocrx_word' id='word_1_55' title='bbox 2043 1827 2209 1902; x_wconf 79' lang='lat' dir='ltr'><strong>fecit</strong></span> <span class='ocrx_word' id='word_1_56' title='bbox 2268 1828 2565 1921; x_wconf 88' lang='lat' dir='ltr'><strong>librum,</strong></span> <span class='ocrx_word' id='word_1_57' title='bbox 2628 1827 2750 1920; x_wconf 83' lang='lat' dir='ltr'><strong>qui</strong></span> <span class='ocrx_word' id='word_1_58' title='bbox 2794 1821 2869 1918; x_wconf 77' lang='lat'><strong>(¹)</strong></span> <span class='ocrx_word' id='word_1_59' title='bbox 2938 1825 3351 1900; x_wconf 76' lang='lat' dir='ltr'><strong>intitulatur</strong></span> <span class='ocrx_word' id='word_1_60' title='bbox 3424 1828 3807 1900; x_wconf 74' lang='lat' dir='ltr'><strong><em>Thesaurus</em></strong></span> 
     </span>
     <span class='ocr_line' id='line_1_9' title="bbox 1482 1945 3810 2042; baseline -0 -23"><span class='ocrx_word' id='word_1_61' title='bbox 1482 1950 2021 2040; x_wconf 78' lang='lat' dir='ltr'><strong>Thesaurorum,</strong></span> <span class='ocrx_word' id='word_1_62' title='bbox 2075 1967 2298 2042; x_wconf 90' lang='lat' dir='ltr'><strong>quem</strong></span> <span class='ocrx_word' id='word_1_63' title='bbox 2354 1967 2767 2041; x_wconf 85' lang='lat' dir='ltr'><strong>numquam</strong></span> <span class='ocrx_word' id='word_1_64' title='bbox 2824 1945 2988 2019; x_wconf 88' lang='lat' dir='ltr'><strong>vidi.</strong></span> <span class='ocrx_word' id='word_1_65' title='bbox 3030 1946 3115 2019; x_wconf 87' lang='lat' dir='ltr'><strong>Et</strong></span> <span class='ocrx_word' id='word_1_66' title='bbox 3148 1945 3354 2020; x_wconf 88' lang='lat' dir='ltr'><strong>dicit:</strong></span> <span class='ocrx_word' id='word_1_67' title='bbox 3390 1967 3429 2018; x_wconf 86' lang='lat' dir='ltr'><strong>e</strong></span> <span class='ocrx_word' id='word_1_68' title='bbox 3458 1967 3664 2019; x_wconf 84' lang='lat' dir='ltr'><strong>verso</strong></span> <span class='ocrx_word' id='word_1_69' title='bbox 3696 1949 3810 2018; x_wconf 81' lang='lat' dir='ltr'><strong>noi</strong></span> 
     </span>
     <span class='ocr_line' id='line_1_10' title="bbox 1471 2065 3807 2161; baseline 0 -21"><span class='ocrx_word' id='word_1_70' title='bbox 1471 2069 1854 2159; x_wconf 72' lang='lat' dir='ltr'><strong>riquarda,</strong></span> <span class='ocrx_word' id='word_1_71' title='bbox 1905 2073 1980 2141; x_wconf 87' lang='lat' dir='ltr'><strong>et</strong></span> <span class='ocrx_word' id='word_1_72' title='bbox 2030 2087 2175 2140; x_wconf 91' lang='lat' dir='ltr'><strong>non</strong></span> <span class='ocrx_word' id='word_1_73' title='bbox 2230 2065 2463 2140; x_wconf 88' lang='lat' dir='ltr'><strong>currit</strong></span> <span class='ocrx_word' id='word_1_74' title='bbox 2509 2066 2603 2140; x_wconf 90' lang='lat' dir='ltr'><strong>ad</strong></span> <span class='ocrx_word' id='word_1_75' title='bbox 2655 2065 3047 2140; x_wconf 83' lang='lat' dir='ltr'><strong>videndum</strong></span> <span class='ocrx_word' id='word_1_76' title='bbox 3106 2087 3259 2161; x_wconf 78' lang='lat' dir='ltr'><strong>neS,</strong></span> <span class='ocrx_word' id='word_1_77' title='bbox 3310 2065 3499 2140; x_wconf 89' lang='lat' dir='ltr'><strong>sicut</strong></span> <span class='ocrx_word' id='word_1_78' title='bbox 3545 2065 3665 2139; x_wconf 86' lang='lat' dir='ltr'><strong>alii</strong></span> <span class='ocrx_word' id='word_1_79' title='bbox 3708 2067 3807 2140; x_wconf 84' lang='lat' dir='ltr'><strong>fe-</strong></span> 
     </span>
     <span class='ocr_line' id='line_1_11' title="bbox 1476 2186 3807 2283; baseline -0.002 -19"><span class='ocrx_word' id='word_1_80' title='bbox 1476 2196 1762 2283; x_wconf 83' lang='lat' dir='ltr'><strong>cerunt,</strong></span> <span class='ocrx_word' id='word_1_81' title='bbox 1818 2189 1989 2283; x_wconf 90' lang='lat' dir='ltr'><strong>quia</strong></span> <span class='ocrx_word' id='word_1_82' title='bbox 2041 2209 2187 2262; x_wconf 91' lang='lat' dir='ltr'><strong>non</strong></span> <span class='ocrx_word' id='word_1_83' title='bbox 2251 2188 2543 2262; x_wconf 89' lang='lat' dir='ltr'><strong>videbat</strong></span> <span class='ocrx_word' id='word_1_84' title='bbox 2604 2188 2971 2281; x_wconf 89' lang='lat' dir='ltr'><strong>umbram,</strong></span> <span class='ocrx_word' id='word_1_85' title='bbox 3022 2188 3141 2261; x_wconf 84' lang='lat' dir='ltr'><strong>vel</strong></span> <span class='ocrx_word' id='word_1_86' title='bbox 3202 2188 3371 2282; x_wconf 89' lang='lat' dir='ltr'><strong>quia</strong></span> <span class='ocrx_word' id='word_1_87' title='bbox 3434 2186 3807 2283; x_wconf 85' lang='lat' dir='ltr'><strong>magnani-</strong></span> 
     </span>
     <span class='ocr_line' id='line_1_12' title="bbox 1473 2296 3805 2400; baseline -0 -19"><span class='ocrx_word' id='word_1_88' title='bbox 1473 2329 1642 2381; x_wconf 91' lang='lat' dir='ltr'><strong>mus</strong></span> <span class='ocrx_word' id='word_1_89' title='bbox 1693 2314 1872 2382; x_wconf 88' lang='lat' dir='ltr'><strong>erat.</strong></span> <span class='ocrx_word' id='word_1_90' title='bbox 1927 2308 2016 2380; x_wconf 89' lang='lat' dir='ltr'><strong>Et</strong></span> <span class='ocrx_word' id='word_1_91' title='bbox 2063 2307 2279 2381; x_wconf 91' lang='lat' dir='ltr'><strong>dicit:</strong></span> <span class='ocrx_word' id='word_1_92' title='bbox 2332 2311 2558 2399; x_wconf 82' lang='lat' dir='ltr'><strong>quella</strong></span> <span class='ocrx_word' id='word_1_93' title='bbox 2608 2329 2696 2380; x_wconf 82' lang='lat' dir='ltr'><strong>ne</strong></span> <span class='ocrx_word' id='word_1_94' title='bbox 2725 2296 3097 2398; x_wconf 70' lang='lat' dir='ltr'><strong>’nseynerd</strong></span> <span class='ocrx_word' id='word_1_95' title='bbox 3147 2309 3221 2380; x_wconf 87' lang='lat' dir='ltr'><strong>la</strong></span> <span class='ocrx_word' id='word_1_96' title='bbox 3279 2309 3395 2380; x_wconf 74' lang='lat' dir='ltr'><strong>via</strong></span> <span class='ocrx_word' id='word_1_97' title='bbox 3432 2303 3561 2400; x_wconf 76' lang='grc' dir='ltr'><strong>ρίὰ</strong></span> <span class='ocrx_word' id='word_1_98' title='bbox 3610 2315 3805 2398; x_wconf 79' lang='lat' dir='ltr'><strong>tosta,</strong></span> 
     </span>
     <span class='ocr_line' id='line_1_13' title="bbox 1473 2426 3804 2522; baseline 0 -22"><span class='ocrx_word' id='word_1_99' title='bbox 1473 2428 1678 2522; x_wconf 85' lang='lat' dir='ltr'><strong>idest,</strong></span> <span class='ocrx_word' id='word_1_100' title='bbox 1731 2427 2082 2502; x_wconf 88' lang='lat' dir='ltr'><strong>leviorem</strong></span> <span class='ocrx_word' id='word_1_101' title='bbox 2133 2447 2546 2502; x_wconf 89' lang='lat' dir='ltr'><strong>ascensum.</strong></span> <span class='ocrx_word' id='word_1_102' title='bbox 2600 2428 2688 2500; x_wconf 93' lang='lat' dir='ltr'><strong>Et</strong></span> <span class='ocrx_word' id='word_1_103' title='bbox 2752 2427 3089 2522; x_wconf 84' lang='lat' dir='ltr'><strong>ostendit,</strong></span> <span class='ocrx_word' id='word_1_104' title='bbox 3157 2426 3530 2520; x_wconf 89' lang='lat' dir='ltr'><strong>quomodo</strong></span> <span class='ocrx_word' id='word_1_105' title='bbox 3588 2447 3804 2503; x_wconf 84' lang='lat' dir='ltr'><strong>vene-</strong></span> 
     </span>
     <span class='ocr_line' id='line_1_14' title="bbox 1475 2539 3801 2644; baseline -0.001 -23"><span class='ocrx_word' id='word_1_106' title='bbox 1475 2547 1568 2621; x_wconf 88' lang='lat' dir='ltr'><strong>rit</strong></span> <span class='ocrx_word' id='word_1_107' title='bbox 1599 2539 1670 2640; x_wconf 72' lang='lat'><strong>(²)</strong></span> <span class='ocrx_word' id='word_1_108' title='bbox 1709 2548 1803 2622; x_wconf 85' lang='lat' dir='ltr'><strong>ad</strong></span> <span class='ocrx_word' id='word_1_109' title='bbox 1836 2569 2004 2622; x_wconf 90' lang='lat' dir='ltr'><strong>eam</strong></span> <span class='ocrx_word' id='word_1_110' title='bbox 2040 2548 2215 2642; x_wconf 90' lang='lat' dir='ltr'><strong>quia</strong></span> <span class='ocrx_word' id='word_1_111' title='bbox 2248 2548 2369 2623; x_wconf 90' lang='lat' dir='ltr'><strong>illa</strong></span> <span class='ocrx_word' id='word_1_112' title='bbox 2402 2567 2553 2622; x_wconf 88' lang='lat' dir='ltr'><strong>non</strong></span> <span class='ocrx_word' id='word_1_113' title='bbox 2587 2547 2925 2623; x_wconf 84' lang='lat' dir='ltr'><strong>veniebat</strong></span> <span class='ocrx_word' id='word_1_114' title='bbox 2965 2547 3056 2622; x_wconf 89' lang='lat' dir='ltr'><strong>ad</strong></span> <span class='ocrx_word' id='word_1_115' title='bbox 3092 2567 3245 2641; x_wconf 78' lang='lat' dir='ltr'><strong>eoS,</strong></span> <span class='ocrx_word' id='word_1_116' title='bbox 3285 2546 3553 2644; x_wconf 72' lang='lat' dir='ltr'><strong>dicem,</strong></span> <span class='ocrx_word' id='word_1_117' title='bbox 3590 2567 3801 2644; x_wconf 85' lang='lat' dir='ltr'><strong>ergo:</strong></span> 
     </span>
     <span class='ocr_line' id='line_1_15' title="bbox 1489 2657 3810 2742; baseline 0 -2"><span class='ocrx_word' id='word_1_118' title='bbox 1489 2671 1836 2741; x_wconf 80' lang='lat' dir='ltr'><strong>Venimmo</strong></span> <span class='ocrx_word' id='word_1_119' title='bbox 1888 2688 1935 2739; x_wconf 89' lang='lat' dir='ltr'><strong>a</strong></span> <span class='ocrx_word' id='word_1_120' title='bbox 1986 2671 2075 2741; x_wconf 82' lang='lat' dir='ltr'><strong>lei</strong></span> <span class='ocrx_word' id='word_1_121' title='bbox 2088 2693 2112 2740; x_wconf 91' lang='grc'><strong>.·</strong></span> <span class='ocrx_word' id='word_1_122' title='bbox 2178 2674 2254 2742; x_wconf 91' lang='lat' dir='ltr'><strong>et</strong></span> <span class='ocrx_word' id='word_1_123' title='bbox 2316 2667 2663 2742; x_wconf 88' lang='lat' dir='ltr'><strong>continuo</strong></span> <span class='ocrx_word' id='word_1_124' title='bbox 2724 2687 2818 2742; x_wconf 84' lang='lat' dir='ltr'><strong>ex</strong></span> <span class='ocrx_word' id='word_1_125' title='bbox 2886 2666 3371 2741; x_wconf 84' lang='lat' dir='ltr'><strong>admiratione</strong></span> <span class='ocrx_word' id='word_1_126' title='bbox 3434 2666 3611 2740; x_wconf 90' lang='lat' dir='ltr'><strong>tanti</strong></span> <span class='ocrx_word' id='word_1_127' title='bbox 3678 2657 3810 2740; x_wconf 70' lang='lat' dir='ltr'><strong>vi&#39;ri</strong></span> 
     </span>
     <span class='ocr_line' id='line_1_16' title="bbox 1469 2787 3811 2884; baseline -0 -23"><span class='ocrx_word' id='word_1_128' title='bbox 1469 2787 1880 2884; x_wconf 83' lang='lat' dir='ltr'><strong>prorumpit</strong></span> <span class='ocrx_word' id='word_1_129' title='bbox 1932 2788 2006 2861; x_wconf 87' lang='lat' dir='ltr'><strong>in</strong></span> <span class='ocrx_word' id='word_1_130' title='bbox 2057 2789 2218 2864; x_wconf 90' lang='lat' dir='ltr'><strong>eius</strong></span> <span class='ocrx_word' id='word_1_131' title='bbox 2270 2787 2984 2865; x_wconf 82' lang='lat' dir='ltr'><strong>commendationem</strong></span> <span class='ocrx_word' id='word_1_132' title='bbox 3042 2788 3570 2883; x_wconf 86' lang='lat' dir='ltr'><strong>apostrophans</strong></span> <span class='ocrx_word' id='word_1_133' title='bbox 3618 2807 3811 2860; x_wconf 88' lang='lat' dir='ltr'><strong>nunc</strong></span> 
     </span>
     <span class='ocr_line' id='line_1_17' title="bbox 1472 2907 3807 3002; baseline -0.002 -18"><span class='ocrx_word' id='word_1_134' title='bbox 1472 2908 1564 2984; x_wconf 88' lang='lat' dir='ltr'><strong>ad</strong></span> <span class='ocrx_word' id='word_1_135' title='bbox 1615 2929 1781 2984; x_wconf 90' lang='lat' dir='ltr'><strong>eam</strong></span> <span class='ocrx_word' id='word_1_136' title='bbox 1845 2915 1920 2983; x_wconf 87' lang='lat' dir='ltr'><strong>et</strong></span> <span class='ocrx_word' id='word_1_137' title='bbox 1986 2908 2273 2984; x_wconf 87' lang='lat' dir='ltr'><strong>diceus:</strong></span> <span class='ocrx_word' id='word_1_138' title='bbox 2336 2914 2397 2984; x_wconf 90' lang='lat'><em>0</em></span> <span class='ocrx_word' id='word_1_139' title='bbox 2456 2913 2699 2981; x_wconf 81' lang='lat' dir='ltr'><strong>anima</strong></span> <span class='ocrx_word' id='word_1_140' title='bbox 2757 2908 3156 2999; x_wconf 84' lang='lat' dir='ltr'><strong>lombarda,</strong></span> <span class='ocrx_word' id='word_1_141' title='bbox 3226 2907 3399 3002; x_wconf 86' lang='lat' dir='ltr'><strong>quia</strong></span> <span class='ocrx_word' id='word_1_142' title='bbox 3456 2907 3549 2982; x_wconf 92' lang='lat' dir='ltr'><strong>de</strong></span> <span class='ocrx_word' id='word_1_143' title='bbox 3610 2909 3807 2981; x_wconf 88' lang='lat' dir='ltr'><strong>Man·-</strong></span> 
     </span>
     <span class='ocr_line' id='line_1_18' title="bbox 1473 3023 3805 3123; baseline 0 -21"><span class='ocrx_word' id='word_1_144' title='bbox 1473 3035 1604 3102; x_wconf 92' lang='lat' dir='ltr'><strong>tua</strong></span> <span class='ocrx_word' id='word_1_145' title='bbox 1678 3036 1869 3123; x_wconf 89' lang='lat' dir='ltr'><strong>erat,</strong></span> <span class='ocrx_word' id='word_1_146' title='bbox 1939 3028 2233 3104; x_wconf 86' lang='lat' dir='ltr'><strong>civitate</strong></span> <span class='ocrx_word' id='word_1_147' title='bbox 2299 3028 2787 3122; x_wconf 85' lang='lat' dir='ltr'><strong>Lombardiae‚</strong></span> <span class='ocrx_word' id='word_1_148' title='bbox 2858 3025 3068 3121; x_wconf 85' lang='lat' dir='ltr'><strong>quasi</strong></span> <span class='ocrx_word' id='word_1_149' title='bbox 3142 3026 3371 3102; x_wconf 88' lang='lat' dir='ltr'><strong>dicat:</strong></span> <span class='ocrx_word' id='word_1_150' title='bbox 3445 3048 3492 3101; x_wconf 95' lang='lat' dir='ltr'><strong>o</strong></span> <span class='ocrx_word' id='word_1_151' title='bbox 3566 3023 3805 3102; x_wconf 83' lang='lat' dir='ltr'><strong>anim&#39;a</strong></span> 
     </span>
     <span class='ocr_line' id='line_1_19' title="bbox 1472 3143 3803 3224; baseline -0.002 0"><span class='ocrx_word' id='word_1_152' title='bbox 1472 3149 1922 3224; x_wconf 88' lang='lat' dir='ltr'><strong>admirabilis</strong></span> <span class='ocrx_word' id='word_1_153' title='bbox 1953 3148 2143 3223; x_wconf 91' lang='lat' dir='ltr'><strong>inter</strong></span> <span class='ocrx_word' id='word_1_154' title='bbox 2179 3148 2628 3224; x_wconf 88' lang='lat' dir='ltr'><strong>lombardas!</strong></span> <span class='ocrx_word' id='word_1_155' title='bbox 2678 3169 2870 3221; x_wconf 85' lang='lat' dir='ltr'><strong>come</strong></span> <span class='ocrx_word' id='word_1_156' title='bbox 2922 3150 2971 3220; x_wconf 75' lang='grc' dir='ltr'><strong>εἰ</strong></span> <span class='ocrx_word' id='word_1_157' title='bbox 3018 3151 3202 3221; x_wconf 74' lang='lat' dir='ltr'><strong>scam*</strong></span> <span class='ocrx_word' id='word_1_158' title='bbox 3238 3150 3468 3221; x_wconf 80' lang='lat' dir='ltr'><strong>altera</strong></span> <span class='ocrx_word' id='word_1_159' title='bbox 3500 3169 3539 3220; x_wconf 84' lang='lat' dir='ltr'><strong>e</strong></span> <span class='ocrx_word' id='word_1_160' title='bbox 3574 3143 3803 3221; x_wconf 59' lang='lat' dir='ltr'><strong>disdess</strong></span> 
     </span>
     <span class='ocr_line' id='line_1_20' title="bbox 1471 3268 3809 3366; baseline -0.001 -21"><span class='ocrx_word' id='word_1_161' title='bbox 1471 3293 1726 3364; x_wconf 72' lang='lat' dir='ltr'><strong>qnosa,</strong></span> <span class='ocrx_word' id='word_1_162' title='bbox 1779 3271 1952 3366; x_wconf 88' lang='lat' dir='ltr'><strong>quia</strong></span> <span class='ocrx_word' id='word_1_163' title='bbox 2003 3270 2375 3344; x_wconf 88' lang='lat' dir='ltr'><strong>Sordellus</strong></span> <span class='ocrx_word' id='word_1_164' title='bbox 2425 3269 2563 3342; x_wconf 77' lang='lat' dir='ltr'><strong>fuit</strong></span> <span class='ocrx_word' id='word_1_165' title='bbox 2607 3269 2734 3343; x_wconf 90' lang='lat' dir='ltr'><strong>alti</strong></span> <span class='ocrx_word' id='word_1_166' title='bbox 2784 3268 3010 3344; x_wconf 88' lang='lat' dir='ltr'><strong>animi</strong></span> <span class='ocrx_word' id='word_1_167' title='bbox 3074 3276 3150 3344; x_wconf 91' lang='lat' dir='ltr'><strong>et</strong></span> <span class='ocrx_word' id='word_1_168' title='bbox 3198 3268 3631 3366; x_wconf 84' lang='lat' dir='ltr'><strong>indignantis</strong></span> <span class='ocrx_word' id='word_1_169' title='bbox 3681 3288 3809 3342; x_wconf 89' lang='lat' dir='ltr'><strong>na-</strong></span> 
     </span>
     <span class='ocr_line' id='line_1_21' title="bbox 1473 3387 3801 3487; baseline -0.001 -21"><span class='ocrx_word' id='word_1_170' title='bbox 1473 3399 1687 3487; x_wconf 86' lang='lat' dir='ltr'><strong>turae,</strong></span> <span class='ocrx_word' id='word_1_171' title='bbox 1740 3391 2035 3486; x_wconf 89' lang='lat' dir='ltr'><strong>quando</strong></span> <span class='ocrx_word' id='word_1_172' title='bbox 2086 3389 2378 3465; x_wconf 87' lang='lat' dir='ltr'><strong>videbat</strong></span> <span class='ocrx_word' id='word_1_173' title='bbox 2427 3389 2547 3465; x_wconf 86' lang='lat' dir='ltr'><strong>vel</strong></span> <span class='ocrx_word' id='word_1_174' title='bbox 2597 3389 2939 3465; x_wconf 84' lang='lat' dir='ltr'><strong>audiebat</strong></span> <span class='ocrx_word' id='word_1_175' title='bbox 2992 3389 3233 3486; x_wconf 89' lang='lat' dir='ltr'><strong>turpia</strong></span> <span class='ocrx_word' id='word_1_176' title='bbox 3284 3395 3359 3465; x_wconf 93' lang='lat' dir='ltr'><strong>et</strong></span> <span class='ocrx_word' id='word_1_177' title='bbox 3408 3387 3801 3465; x_wconf 63' lang='lat' dir='ltr'><strong>inhonestass</strong></span> 
     </span>
     <span class='ocr_line' id='line_1_22' title="bbox 1471 3510 3811 3605; baseline -0.002 -18"><span class='ocrx_word' id='word_1_178' title='bbox 1471 3513 1680 3587; x_wconf 86' lang='lat' dir='ltr'><strong>Unde</strong></span> <span class='ocrx_word' id='word_1_179' title='bbox 1728 3510 1937 3586; x_wconf 86' lang='lat' dir='ltr'><strong>dicit:</strong></span> <span class='ocrx_word' id='word_1_180' title='bbox 1973 3532 2012 3583; x_wconf 85' lang='lat' dir='ltr'><strong>e</strong></span> <span class='ocrx_word' id='word_1_181' title='bbox 2058 3513 2176 3583; x_wconf 82' lang='lat' dir='ltr'><strong>nel</strong></span> <span class='ocrx_word' id='word_1_182' title='bbox 2224 3532 2465 3583; x_wconf 75' lang='lat' dir='ltr'><strong>movet·</strong></span> <span class='ocrx_word' id='word_1_183' title='bbox 2512 3513 2697 3603; x_wconf 72' lang='lat' dir='ltr'><strong>deyli</strong></span> <span class='ocrx_word' id='word_1_184' title='bbox 2744 3514 2935 3584; x_wconf 76' lang='lat' dir='ltr'><strong>occhi</strong></span> <span class='ocrx_word' id='word_1_185' title='bbox 2974 3519 3215 3585; x_wconf 81' lang='lat' dir='ltr'><strong>onesta</strong></span> <span class='ocrx_word' id='word_1_186' title='bbox 3270 3533 3308 3584; x_wconf 82' lang='lat' dir='ltr'><strong>e</strong></span> <span class='ocrx_word' id='word_1_187' title='bbox 3358 3514 3609 3584; x_wconf 82' lang='lat' dir='ltr'><strong>tarda.-</strong></span> <span class='ocrx_word' id='word_1_188' title='bbox 3644 3510 3811 3605; x_wconf 89' lang='lat' dir='ltr'><strong>quia</strong></span> 
     </span>
     <span class='ocr_line' id='line_1_23' title="bbox 1473 3630 3815 3726; baseline -0.001 -19"><span class='ocrx_word' id='word_1_189' title='bbox 1473 3640 1634 3708; x_wconf 85' lang='lat' dir='ltr'><strong>erat</strong></span> <span class='ocrx_word' id='word_1_190' title='bbox 1685 3632 1798 3706; x_wconf 87' lang='lat' dir='ltr'><strong>vir</strong></span> <span class='ocrx_word' id='word_1_191' title='bbox 1849 3632 2039 3705; x_wconf 90' lang='lat' dir='ltr'><strong>bene</strong></span> <span class='ocrx_word' id='word_1_192' title='bbox 2087 3630 2535 3726; x_wconf 88' lang='lat' dir='ltr'><strong>compositus</strong></span> <span class='ocrx_word' id='word_1_193' title='bbox 2586 3638 2660 3705; x_wconf 91' lang='lat' dir='ltr'><strong>et</strong></span> <span class='ocrx_word' id='word_1_194' title='bbox 2710 3630 2901 3705; x_wconf 91' lang='lat' dir='ltr'><strong>bene</strong></span> <span class='ocrx_word' id='word_1_195' title='bbox 2956 3637 3307 3705; x_wconf 90' lang='lat' dir='ltr'><strong>moratus.</strong></span> <span class='ocrx_word' id='word_1_196' title='bbox 3340 3634 3641 3705; x_wconf 80' lang='lat' dir='ltr'><strong>—Ella.</strong></span> <span class='ocrx_word' id='word_1_197' title='bbox 3688 3630 3815 3704; x_wconf 88' lang='lat' dir='ltr'><strong>Hic</strong></span> 
     </span>
     <span class='ocr_line' id='line_1_24' title="bbox 1472 3751 3817 3849; baseline -0.001 -22"><span class='ocrx_word' id='word_1_198' title='bbox 1472 3758 1690 3849; x_wconf 87' lang='lat' dir='ltr'><strong>poeta</strong></span> <span class='ocrx_word' id='word_1_199' title='bbox 1739 3751 2054 3827; x_wconf 88' lang='lat' dir='ltr'><strong>ostendit</strong></span> <span class='ocrx_word' id='word_1_200' title='bbox 2104 3751 2479 3845; x_wconf 91' lang='lat' dir='ltr'><strong>quomodo</strong></span> <span class='ocrx_word' id='word_1_201' title='bbox 2530 3751 2903 3826; x_wconf 88' lang='lat' dir='ltr'><strong>Sordellus</strong></span> <span class='ocrx_word' id='word_1_202' title='bbox 2936 3771 3018 3826; x_wconf 91' lang='lat' dir='ltr'><strong>se</strong></span> <span class='ocrx_word' id='word_1_203' title='bbox 3059 3752 3399 3827; x_wconf 85' lang='lat' dir='ltr'><strong>babuerit</strong></span> <span class='ocrx_word' id='word_1_204' title='bbox 3443 3772 3614 3826; x_wconf 90' lang='lat' dir='ltr'><strong>cum</strong></span> <span class='ocrx_word' id='word_1_205' title='bbox 3650 3772 3817 3847; x_wconf 92' lang='lat' dir='ltr'><strong>per-</strong></span> 
     </span>
     <span class='ocr_line' id='line_1_25' title="bbox 1473 3860 3813 3969; baseline -0.003 -17"><span class='ocrx_word' id='word_1_206' title='bbox 1473 3874 1840 3953; x_wconf 84' lang='lat' dir='ltr'><strong>venissent</strong></span> <span class='ocrx_word' id='word_1_207' title='bbox 1867 3864 1939 3965; x_wconf 79' lang='lat'><strong>(⁸)</strong></span> <span class='ocrx_word' id='word_1_208' title='bbox 1995 3872 2090 3946; x_wconf 90' lang='lat' dir='ltr'><strong>ad</strong></span> <span class='ocrx_word' id='word_1_209' title='bbox 2137 3892 2339 3966; x_wconf 84' lang='lat' dir='ltr'><strong>eum,</strong></span> <span class='ocrx_word' id='word_1_210' title='bbox 2394 3877 2467 3947; x_wconf 92' lang='lat' dir='ltr'><strong>et</strong></span> <span class='ocrx_word' id='word_1_211' title='bbox 2529 3871 2902 3965; x_wconf 84' lang='lat' dir='ltr'><strong>quomodo</strong></span> <span class='ocrx_word' id='word_1_212' title='bbox 2971 3872 3311 3969; x_wconf 83' lang='lat' dir='ltr'><strong>Virgilius</strong></span> <span class='ocrx_word' id='word_1_213' title='bbox 3374 3871 3713 3968; x_wconf 87' lang='lat' dir='ltr'><strong>petiverit</strong></span> <span class='ocrx_word' id='word_1_214' title='bbox 3742 3860 3813 3965; x_wconf 73' lang='lat'><strong>(⁴)</strong></span> 
     </span>
     <span class='ocr_line' id='line_1_26' title="bbox 1472 3982 3811 4089; baseline -0.002 -20"><span class='ocrx_word' id='word_1_215' title='bbox 1472 3995 1566 4069; x_wconf 91' lang='lat' dir='ltr'><strong>de</strong></span> <span class='ocrx_word' id='word_1_216' title='bbox 1615 3993 1759 4088; x_wconf 85' lang='lat' dir='ltr'><strong>via,</strong></span> <span class='ocrx_word' id='word_1_217' title='bbox 1811 4000 1884 4067; x_wconf 92' lang='lat' dir='ltr'><strong>et</strong></span> <span class='ocrx_word' id='word_1_218' title='bbox 1934 4012 2066 4087; x_wconf 88' lang='lat' dir='ltr'><strong>per</strong></span> <span class='ocrx_word' id='word_1_219' title='bbox 2128 3992 2269 4066; x_wconf 89' lang='lat' dir='ltr'><strong>boc</strong></span> <span class='ocrx_word' id='word_1_220' title='bbox 2331 3992 2761 4067; x_wconf 86' lang='lat' dir='ltr'><strong>devenerint</strong></span> <span class='ocrx_word' id='word_1_221' title='bbox 2791 3982 2862 4084; x_wconf 79' lang='lat'><strong>(⁵)</strong></span> <span class='ocrx_word' id='word_1_222' title='bbox 2938 3991 3013 4064; x_wconf 91' lang='lat' dir='ltr'><strong>iu</strong></span> <span class='ocrx_word' id='word_1_223' title='bbox 3081 3991 3569 4089; x_wconf 85' lang='lat' dir='ltr'><strong>cognitionem</strong></span> <span class='ocrx_word' id='word_1_224' title='bbox 3631 3992 3811 4067; x_wconf 82' lang='lat' dir='ltr'><strong>eius.</strong></span> 
     </span>
     <span class='ocr_line' id='line_1_27' title="bbox 1472 4110 3812 4207; baseline -0.001 -19"><span class='ocrx_word' id='word_1_225' title='bbox 1472 4113 1658 4189; x_wconf 89' lang='lat' dir='ltr'><strong>Dicit</strong></span> <span class='ocrx_word' id='word_1_226' title='bbox 1708 4133 1936 4207; x_wconf 86' lang='lat' dir='ltr'><strong>ergo:</strong></span> <span class='ocrx_word' id='word_1_227' title='bbox 1974 4114 2136 4203; x_wconf 83' lang='lat' dir='ltr'><strong>ella,</strong></span> <span class='ocrx_word' id='word_1_228' title='bbox 2171 4110 2443 4186; x_wconf 87' lang='lat' dir='ltr'><strong>scilicet</strong></span> <span class='ocrx_word' id='word_1_229' title='bbox 2494 4113 2740 4186; x_wconf 89' lang='lat' dir='ltr'><strong>anima</strong></span> <span class='ocrx_word' id='word_1_230' title='bbox 2785 4111 3113 4207; x_wconf 87' lang='lat' dir='ltr'><strong>Sordelli,</strong></span> <span class='ocrx_word' id='word_1_231' title='bbox 3149 4132 3295 4185; x_wconf 75' lang='lat' dir='ltr'><strong>non</strong></span> <span class='ocrx_word' id='word_1_232' title='bbox 3328 4116 3393 4185; x_wconf 84' lang='lat' dir='ltr'><strong>ci</strong></span> <span class='ocrx_word' id='word_1_233' title='bbox 3421 4116 3663 4187; x_wconf 72' lang='lat' dir='ltr'><strong>diceva</strong></span> <span class='ocrx_word' id='word_1_234' title='bbox 3702 4115 3812 4186; x_wconf 76' lang='lat' dir='ltr'><strong>al-</strong></span> 
     </span>
     <span class='ocr_line' id='line_1_28' title="bbox 1473 4231 3810 4330; baseline 0 -22"><span class='ocrx_word' id='word_1_235' title='bbox 1473 4256 1659 4308; x_wconf 81' lang='lat' dir='ltr'><strong>cuna</strong></span> <span class='ocrx_word' id='word_1_236' title='bbox 1705 4254 1897 4326; x_wconf 85' lang='lat' dir='ltr'><strong>cosa,</strong></span> <span class='ocrx_word' id='word_1_237' title='bbox 1951 4231 2124 4326; x_wconf 91' lang='lat' dir='ltr'><strong>quia</strong></span> <span class='ocrx_word' id='word_1_238' title='bbox 2176 4252 2321 4306; x_wconf 90' lang='lat' dir='ltr'><strong>non</strong></span> <span class='ocrx_word' id='word_1_239' title='bbox 2375 4231 2685 4306; x_wconf 86' lang='lat' dir='ltr'><strong>curabat</strong></span> <span class='ocrx_word' id='word_1_240' title='bbox 2736 4231 2828 4307; x_wconf 91' lang='lat' dir='ltr'><strong>de</strong></span> <span class='ocrx_word' id='word_1_241' title='bbox 2878 4232 3086 4306; x_wconf 90' lang='lat' dir='ltr'><strong>uobis</strong></span> <span class='ocrx_word' id='word_1_242' title='bbox 3136 4232 3563 4330; x_wconf 86' lang='lat' dir='ltr'><strong>incognitis;</strong></span> <span class='ocrx_word' id='word_1_243' title='bbox 3616 4233 3810 4308; x_wconf 88' lang='lat' dir='ltr'><strong>unde</strong></span> 
     </span>
     <span class='ocr_line' id='line_1_29' title="bbox 1471 4352 3813 4447; baseline -0 -19"><span class='ocrx_word' id='word_1_244' title='bbox 1471 4354 1681 4429; x_wconf 89' lang='lat' dir='ltr'><strong>dicit:</strong></span> <span class='ocrx_word' id='word_1_245' title='bbox 1733 4374 1854 4426; x_wconf 86' lang='lat' dir='ltr'><strong>ma</strong></span> <span class='ocrx_word' id='word_1_246' title='bbox 1901 4354 2052 4425; x_wconf 82' lang='lat' dir='ltr'><strong>solo</strong></span> <span class='ocrx_word' id='word_1_247' title='bbox 2101 4354 2590 4443; x_wconf 70' lang='lat' dir='ltr'><strong>isquardando</strong></span> <span class='ocrx_word' id='word_1_248' title='bbox 2640 4354 3043 4426; x_wconf 79' lang='lat' dir='ltr'><strong>lasciavane</strong></span> <span class='ocrx_word' id='word_1_249' title='bbox 3089 4355 3247 4445; x_wconf 65' lang='grc' dir='ltr'><strong>σίνε</strong></span> <span class='ocrx_word' id='word_1_250' title='bbox 3257 4378 3289 4447; x_wconf 90' lang='grc'><strong>,·</strong></span> <span class='ocrx_word' id='word_1_251' title='bbox 3356 4360 3432 4429; x_wconf 89' lang='lat' dir='ltr'><strong>et</strong></span> <span class='ocrx_word' id='word_1_252' title='bbox 3490 4352 3813 4428; x_wconf 85' lang='lat' dir='ltr'><strong>declarat</strong></span> 
     </span>
     <span class='ocr_line' id='line_1_30' title="bbox 1473 4471 3815 4567; baseline 0.001 -22"><span class='ocrx_word' id='word_1_253' title='bbox 1473 4471 1778 4546; x_wconf 89' lang='lat' dir='ltr'><strong>modum</strong></span> <span class='ocrx_word' id='word_1_254' title='bbox 1839 4491 1973 4567; x_wconf 88' lang='lat' dir='ltr'><strong>per</strong></span> <span class='ocrx_word' id='word_1_255' title='bbox 2033 4491 2261 4545; x_wconf 89' lang='lat' dir='ltr'><strong>unam</strong></span> <span class='ocrx_word' id='word_1_256' title='bbox 2330 4472 2954 4566; x_wconf 86' lang='lat' dir='ltr'><strong>comparationem</strong></span> <span class='ocrx_word' id='word_1_257' title='bbox 3016 4472 3361 4567; x_wconf 88' lang='lat' dir='ltr'><strong>nobilem,</strong></span> <span class='ocrx_word' id='word_1_258' title='bbox 3420 4472 3713 4549; x_wconf 87' lang='lat' dir='ltr'><strong>diceus:</strong></span> <span class='ocrx_word' id='word_1_259' title='bbox 3766 4494 3815 4547; x_wconf 84' lang='lat' dir='ltr'><strong>a</strong></span> 
     </span>
     <span class='ocr_line' id='line_1_31' title="bbox 1472 4590 3811 4685; baseline 0.001 -20"><span class='ocrx_word' id='word_1_260' title='bbox 1472 4596 1678 4685; x_wconf 69' lang='lat' dir='ltr'><strong>quis-a</strong></span> <span class='ocrx_word' id='word_1_261' title='bbox 1727 4594 1808 4666; x_wconf 82' lang='lat' dir='ltr'><strong>di</strong></span> <span class='ocrx_word' id='word_1_262' title='bbox 1855 4595 2010 4665; x_wconf 80' lang='lat' dir='ltr'><strong>leon</strong></span> <span class='ocrx_word' id='word_1_263' title='bbox 2061 4594 2345 4683; x_wconf 80' lang='lat' dir='ltr'><strong>quando</strong></span> <span class='ocrx_word' id='word_1_264' title='bbox 2392 4594 2455 4664; x_wconf 79' lang='lat' dir='ltr'><strong>si</strong></span> <span class='ocrx_word' id='word_1_265' title='bbox 2476 4612 2720 4685; x_wconf 82' lang='lat' dir='ltr'><strong>posa,·</strong></span> <span class='ocrx_word' id='word_1_266' title='bbox 2771 4590 2845 4665; x_wconf 90' lang='lat' dir='ltr'><strong>in</strong></span> <span class='ocrx_word' id='word_1_267' title='bbox 2887 4592 3027 4666; x_wconf 89' lang='lat' dir='ltr'><strong>boc</strong></span> <span class='ocrx_word' id='word_1_268' title='bbox 3059 4591 3373 4666; x_wconf 86' lang='lat' dir='ltr'><strong>ostendit</strong></span> <span class='ocrx_word' id='word_1_269' title='bbox 3422 4612 3601 4668; x_wconf 89' lang='lat' dir='ltr'><strong>eum</strong></span> <span class='ocrx_word' id='word_1_270' title='bbox 3651 4615 3811 4668; x_wconf 89' lang='lat' dir='ltr'><strong>ma-</strong></span> 
     </span>
     <span class='ocr_line' id='line_1_32' title="bbox 1475 4710 3813 4815; baseline 0.001 -30"><span class='ocrx_word' id='word_1_271' title='bbox 1475 4712 1929 4809; x_wconf 90' lang='lat' dir='ltr'><strong>gnanimum.</strong></span> <span class='ocrx_word' id='word_1_272' title='bbox 1994 4710 2142 4785; x_wconf 86' lang='lat' dir='ltr'><strong>Leo</strong></span> <span class='ocrx_word' id='word_1_273' title='bbox 2204 4710 2399 4785; x_wconf 89' lang='lat' dir='ltr'><strong>enim</strong></span> <span class='ocrx_word' id='word_1_274' title='bbox 2470 4711 2989 4815; x_wconf 81' lang='lat' dir='ltr'><strong>magnanimus</strong></span> <span class='ocrx_word' id='word_1_275' title='bbox 3055 4732 3202 4786; x_wconf 89' lang='lat' dir='ltr'><strong>nou</strong></span> <span class='ocrx_word' id='word_1_276' title='bbox 3273 4718 3617 4786; x_wconf 87' lang='lat' dir='ltr'><strong>movetur</strong></span> <span class='ocrx_word' id='word_1_277' title='bbox 3676 4732 3813 4788; x_wconf 89' lang='lat' dir='ltr'><strong>nec</strong></span> 
     </span>
     <span class='ocr_line' id='line_1_33' title="bbox 1477 4831 3815 4929; baseline 0 -22"><span class='ocrx_word' id='word_1_278' title='bbox 1477 4840 1692 4907; x_wconf 89' lang='lat' dir='ltr'><strong>curat</strong></span> <span class='ocrx_word' id='word_1_279' title='bbox 1741 4852 1916 4907; x_wconf 91' lang='lat' dir='ltr'><strong>eum</strong></span> <span class='ocrx_word' id='word_1_280' title='bbox 1955 4832 2080 4927; x_wconf 89' lang='lat' dir='ltr'><strong>qui</strong></span> <span class='ocrx_word' id='word_1_281' title='bbox 2108 4852 2254 4906; x_wconf 90' lang='lat' dir='ltr'><strong>non</strong></span> <span class='ocrx_word' id='word_1_282' title='bbox 2292 4832 2631 4907; x_wconf 87' lang='lat' dir='ltr'><strong>molestat</strong></span> <span class='ocrx_word' id='word_1_283' title='bbox 2664 4850 2863 4905; x_wconf 92' lang='lat' dir='ltr'><strong>eum.</strong></span> <span class='ocrx_word' id='word_1_284' title='bbox 2900 4831 3231 4907; x_wconf 88' lang='lat' dir='ltr'><strong>Habebat</strong></span> <span class='ocrx_word' id='word_1_285' title='bbox 3266 4852 3450 4929; x_wconf 87' lang='lat' dir='ltr'><strong>ergo</strong></span> <span class='ocrx_word' id='word_1_286' title='bbox 3482 4832 3815 4907; x_wconf 84' lang='lat' dir='ltr'><strong>animum</strong></span> 
     </span>
    </p>
   </div>
   <div class='ocr_carea' id='block_1_3' title="bbox 1507 5018 3767 5160">
    <p class='ocr_par' dir='ltr' id='par_1_3' title="bbox 1507 5018 3767 5160">
     <span class='ocr_line' id='line_1_34' title="bbox 1507 5018 3643 5083; baseline 0 -15"><span class='ocrx_word' id='word_1_287' title='bbox 1507 5054 1512 5057; x_wconf 88' lang='lat'>-</span> <span class='ocrx_word' id='word_1_288' title='bbox 1601 5020 1658 5079; x_wconf 82' lang='lat'><strong>(¹)</strong></span> <span class='ocrx_word' id='word_1_289' title='bbox 1689 5021 1798 5077; x_wconf 84' lang='grc'><strong>117,</strong></span> <span class='ocrx_word' id='word_1_290' title='bbox 1831 5018 1922 5083; x_wconf 81' lang='lat' dir='ltr'><strong>qul</strong></span> <span class='ocrx_word' id='word_1_291' title='bbox 1952 5018 2264 5082; x_wconf 76' lang='lat' dir='ltr'><strong>appellatur.</strong></span> <span class='ocrx_word' id='word_1_292' title='bbox 2392 5018 2447 5082; x_wconf 80' lang='lat'><strong>(¹)</strong></span> <span class='ocrx_word' id='word_1_293' title='bbox 2480 5019 2541 5070; x_wconf 84' lang='lat' dir='ltr'><strong>E.</strong></span> <span class='ocrx_word' id='word_1_294' title='bbox 2572 5023 2829 5070; x_wconf 78' lang='lat' dir='ltr'><strong>venerunt</strong></span> <span class='ocrx_word' id='word_1_295' title='bbox 2859 5020 2924 5069; x_wconf 76' lang='lat' dir='ltr'><strong>ad</strong></span> <span class='ocrx_word' id='word_1_296' title='bbox 2954 5032 3089 5079; x_wconf 77' lang='lat' dir='ltr'><strong>eam,</strong></span> <span class='ocrx_word' id='word_1_297' title='bbox 3122 5019 3333 5069; x_wconf 77' lang='lat' dir='ltr'><strong>dicem:</strong></span> <span class='ocrx_word' id='word_1_298' title='bbox 3374 5019 3419 5069; x_wconf 88' lang='grc' dir='ltr'><em>Ο</em></span> <span class='ocrx_word' id='word_1_299' title='bbox 3448 5018 3643 5069; x_wconf 68' lang='lat' dir='ltr'><strong>anim</strong></span> 
     </span>
     <span class='ocr_line' id='line_1_35' title="bbox 1602 5093 3767 5160; baseline 0.001 -15"><span class='ocrx_word' id='word_1_300' title='bbox 1602 5094 1655 5157; x_wconf 82' lang='lat'><strong>(⁸)</strong></span> <span class='ocrx_word' id='word_1_301' title='bbox 1687 5093 1739 5145; x_wconf 85' lang='lat' dir='ltr'><strong>S.</strong></span> <span class='ocrx_word' id='word_1_302' title='bbox 1773 5094 2102 5157; x_wconf 71' lang='lat' dir='ltr'><strong>pervenisset.</strong></span> <span class='ocrx_word' id='word_1_303' title='bbox 2392 5095 2447 5160; x_wconf 75' lang='lat'><strong>(⁴)</strong></span> <span class='ocrx_word' id='word_1_304' title='bbox 2481 5100 2589 5157; x_wconf 83' lang='grc'><strong>117,</strong></span> <span class='ocrx_word' id='word_1_305' title='bbox 2622 5095 2891 5160; x_wconf 73' lang='lat' dir='ltr'><strong>petiverat.</strong></span> <span class='ocrx_word' id='word_1_306' title='bbox 3044 5096 3099 5159; x_wconf 83' lang='lat'><strong>(⁸)</strong></span> <span class='ocrx_word' id='word_1_307' title='bbox 3132 5095 3195 5146; x_wconf 86' lang='lat' dir='ltr'><strong>E.</strong></span> <span class='ocrx_word' id='word_1_308' title='bbox 3226 5107 3259 5147; x_wconf 79' lang='grc' dir='ltr'><strong>ο</strong></span> <span class='ocrx_word' id='word_1_309' title='bbox 3290 5098 3399 5157; x_wconf 81' lang='grc'><strong>117,</strong></span> <span class='ocrx_word' id='word_1_310' title='bbox 3432 5094 3767 5147; x_wconf 75' lang='lat' dir='ltr'><strong>devenerunt.</strong></span> 
     </span>
    </p>
   </div>
   <div class='ocr_carea' id='block_1_4' title="bbox 4289 1545 4293 2862">
    <p class='ocr_par' dir='ltr' id='par_1_4' title="bbox 4289 1545 4293 2862">
     <span class='ocr_line' id='line_1_36' title="bbox 4289 1545 4293 2862; baseline 0 0"><span class='ocrx_word' id='word_1_311' title='bbox 4289 1545 4293 2862; x_wconf 95' lang='lat' dir='ltr'><strong> </strong></span> 
     </span>
    </p>
   </div>
  </div>
 </body>
</html>
