4392 6850
1539 966 1680 1034 390
2256 975 2663 1032 commu
2712 975 3159 1032 ruam-roan

1535 1123 1822 1217 dixisse,
1856 1121 1930 1196 in
1965 1121 2273 1217 spuriOS,
2312 1121 2541 1196 immo
2591 1121 2663 1196 in
2717 1122 2979 1216 mulOS,
3032 1120 3273 1216 specie
3322 1127 3878 1216 permutata.-

1542 1245 1840 1331 Quando
1883 1245 1960 1316 in
1991 1245 2335 1334 Boloyna.
2390 1241 2523 1317 Hic
2570 1241 2809 1318 Guido
2869 1242 3197 1316 nominat
3254 1240 3435 1316 alios
3491 1242 3682 1317 duos
3729 1241 3877 1316 vir-

1531 1367 1784 1436 tuosos
1840 1361 1934 1437 de
1997 1361 2525 1456 Romandiola3
2583 1367 2661 1436 et
2721 1362 2961 1458 primo
3024 1382 3259 1435 unum
3326 1361 3873 1455 bononiensem,

1531 1481 1822 1558 dicens:
1873 1503 1971 1556 un
2029 1483 2337 1574 Fabbm,
2400 1483 2535 1558 iste
2592 1482 2727 1556 fuit
2786 1481 3045 1556 nobilis
3113 1481 3322 1557 miles
3381 1482 3475 1557 de
3522 1483 3874 1557 Lamber-

1529 1603 1776 1678 tacciis
1823 1604 1918 1678 de
1966 1603 2314 1698 Bononia,
2359 1603 2473 1676 vir
2521 1603 2807 1700 sapiens
2857 1609 2931 1678 et
2981 1603 3227 1699 magni
3276 1603 3592 1698 consilii3
3644 1611 3721 1679 et
3770 1612 3875 1680 eet

1529 1723 1648 1798 hic
1703 1723 1940 1800 Faber
1998 1743 2271 1798 nomen
2325 1722 2727 1819 proprium.
2790 1723 2969 1798 Nec·
3000 1721 3356 1820 intelligas
3409 1723 3503 1798 de
3554 1723 3869 1819 quodam

1527 1844 1768 1919 Fabro
1830 1843 2130 1919 tribuno
2194 1843 2444 1940 plebis,
2514 1843 2641 1938 qui
2708 1843 3117 1918 trucidatus
3184 1843 3318 1917 l'uit
3384 1846 3731 1920 Bononiae
3760 1841 3869 1940 (');

1529 1967 1812 2056 quando
1860 1967 1924 2038 si
1970 1968 2313 2056 miliana,
2364 1964 2570 2057 idest,
2623 1963 3057 2058 renascitur,
3120 1964 3328 2058 quasi
3378 1964 3592 2058 dicat,
3644 1967 3867 2060 tarde,

1526 2087 1602 2157 in
1641 2087 1982 2178 Boloyna,
2041 2105 2211 2180 quae
2260 2092 2370 2160 est
2422 2085 2637 2159 nidus
2688 2085 3289 2180 philosophorum
3352 2090 3427 2160 et
3478 2091 3720 2160 mater
3772 2088 3871 2162 le-

1527 2224 1735 2300 gum,
1769 2205 2258 2301 omniumque
2310 2205 2677 2280 bonorum
2732 2203 3007 2298 sertim,
3041 2204 3517 2280 humanitatis
3556 2207 3873 2303 piissima

1529 2325 1798 2399 nutrix.
1877 2327 1964 2399 Et
2019 2325 2349 2400 nominat
2395 2325 2623 2401 alium
2678 2325 3129 2400 faventinum
3192 2325 3435 2400 virum
3502 2326 3867 2422 plebeium

1528 2446 1907 2544 sanguine,
1961 2447 2088 2522 sed
2139 2447 2457 2521 nobilem
2512 2446 2786 2522 virtute
2834 2446 3084 2541 animi,
3122 2446 3402 2522 dicens:
3454 2451 3755 2536 Quando
3798 2453 3869 2524 in

1529 2572 1816 2641 Faenza
1853 2588 1952 2641 un
1981 2569 2399 2669 Bosa-nardin⁸
2422 2569 2497 2641 di
2530 2571 2771 2640 Εοεοο.
2810 2567 2945 2641 lste
2980 2566 3480 2642 Bernardinus
3515 2567 3648 2641 fuit
3685 2568 3868 2643 filius

1526 2687 1762 2782 Fusci,
1814 2686 1952 2760 viri
2003 2685 2275 2781 rustici,
2328 2687 2455 2762 sed
2508 2686 2781 2762 virtute
2828 2707 2963 2760 sua
3015 2687 3422 2761 honoratus
3488 2687 3560 2760 in
3612 2689 3865 2784 patria,

1525 2806 1617 2882 ad
1669 2826 1892 2900 quem
1929 2826 2076 2881 non
2109 2807 2645 2882 erubescebant
2680 2806 2957 2882 nobiles
2990 2806 3335 2882 faventini
3375 2808 3751 2904 accedere,
3788 2815 3866 2883 ut

1525 2925 1866 3002 audirent
1916 2926 2074 3001 eius
2125 2926 2355 3000 bonas
2413 2926 2807 3000 sententias
2856 2931 2931 3000 et
2979 2925 3235 3021 pulcra
3287 2935 3740 3025 scommata3
3793 2936 3861 3005 et

1525 3047 1688 3122 eius
1735 3045 1921 3120 dicta
1975 3044 2283 3119 moralia
2332 3051 2407 3120 et
2460 3045 2775 3120 notanda
2824 3046 3259 3138 allegabant.
3302 3045 3475 3122 Ideo
3519 3048 3710 3123 bene
3760 3048 3863 3123 di-

1525 3166 1668 3242 cit:
1720 3186 1940 3257 verya
1987 3169 2204 3257 yeneit
2248 3169 2325 3240 di
2364 3169 2660 3259 pict-iola
2706 3170 3117 3259 yramiyna,
3178 3168 3390 3260 quasi
3440 3169 3680 3243 dicat:
3738 3191 3863 3245 no·

1525 3285 1685 3359 bilis
1734 3286 1976 3382 planta
2031 3292 2201 3361 nata
2250 3305 2343 3361 ex
2398 3285 2521 3360 vili
2559 3286 2825 3380 herba3
2870 3291 2944 3360 et
2976 3306 3071 3360 ex
3108 3287 3245 3362 hoc
3280 3307 3426 3362 non
3464 3289 3711 3363 minus
3744 3311 3864 3365 co-

1527 3406 1740 3483 lenda
1791 3407 1977 3482 sicut
2025 3430 2325 3503 aurum,
2378 3405 2574 3501 quod
2626 3405 2863 3481 oritur
2912 3428 3007 3482 ex
3058 3413 3282 3502 terra,
3326 3414 3401 3485 et
3443 3431 3611 3485 rosa
3662 3432 3758 3486 ex
3790 3401 3857 3503 (²)

1523 3528 1751 3624 spina,
1805 3530 2087 3619 quando
2153 3532 2231 3601 in
2288 3534 2602 3618 Faenza,
2666 3529 2945 3623 supple,
2994 3531 3061 3601 si
3116 3532 3452 3620 ralliyna.
3522 3530 3861 3605 Faventia

1525 3648 1700 3723 olim
1751 3649 1940 3723 dicta
1991 3655 2102 3724 est
2141 3650 2415 3723 Forum
2451 3647 2651 3722 Favii
2692 3669 2737 3723 a
2770 3648 2995 3722 Favio
3033 3648 3393 3741 Romano,
3442 3670 3665 3742 quam
3708 3649 3861 3723 Fri-

1523 3768 1816 3845 det-icus
1865 3769 1925 3843 ΙΙ
1973 3768 2163 3864 cepit
2224 3773 2383 3863 post
2438 3768 2887 3843 Ravennam.
2942 3768 3113 3843 Haec
3177 3768 3437 3843 diebus
3488 3768 3638 3842 istis
3692 3791 3856 3844 cum

1521 3896 1716 3965 esset
1763 3890 2108 3985 opulenta
2161 3888 2234 3961 in
2284 3888 2479 3963 bono
2530 3888 2710 3964 flore
2760 3888 2899 3963 sub
2941 3888 3263 3963 dominio
3310 3896 3690 3984 pastorum
3742 3910 3858 3965 ec-

1521 4010 1785 4103 clesiae,
1835 4016 2186 4105 occupata
2248 4015 2357 4084 est
2421 4008 2817 4103 proditorie
2872 4008 2971 4083 ab
3036 4008 3339 4106 anglicis
3387 4009 3856 4105 stipendiariis

1521 4129 1868 4224 ecclesiae,
1934 4134 2010 4203 et
2081 4128 2399 4203 exclusis
2457 4128 2799 4203 omnibus
2866 4127 3171 4222 civibuS‚
3223 4128 3377 4204 sine
3444 4128 3643 4204 caede
3710 4137 3857 4204 tota

1521 4249 1817 4345 spoliata
1871 4256 1982 4325 est
2031 4256 2104 4325 et
2153 4247 2445 4325 detenta
2498 4250 2691 4323 ultra
2739 4248 2911 4323 anni
2962 4248 3319 4322 circulum
3364 4250 3556 4323 inter
3600 4270 3857 4323 manus

1519 4370 2008 4443 barbarorum
2063 4370 2460 4444 latronum.
2482 4408 2583 4423 —
2608 4372 2770 4441 Non
2820 4372 2871 4442 a·
2918 4371 3407 4459 maraviyliar.
3446 4369 3575 4443 Hic
3624 4369 3854 4445 Guido

1521 4494 1956 4565 convertens
2005 4509 2421 4565 sermonem
2476 4510 2696 4563 suum
2750 4486 3157 4583 specialiter
3206 4487 3299 4562 ad
3350 4489 3685 4584 Dantem,
3728 4510 3853 4565 no-

1521 4608 1750 4683 minat
1799 4610 1984 4684 duos
2030 4610 2214 4685 alios
2246 4608 2339 4685 de
2371 4608 2871 4702 Romandiola,
2908 4607 3182 4682 vicinos
3217 4609 3469 4703 patriae
3502 4610 3664 4684 eius
3696 4610 3853 4686 Flo-

1521 4728 1814 4823 rentiae3
1848 4728 2046 4805 unde
2083 4730 2293 4805 dicit:
2328 4732 2387 4803 ,ς’
2412 4732 2483 4803 io
2508 4720 2584 4821 (⁸)
2614 4731 2910 4822 pianyo,
2955 4734 3197 4820 Tosco,
3234 4728 3435 4822 idest,
3472 4750 3520 4804 ο
3554 4730 3845 4825 Dantoe3

1665 4955 1698 5019 ¹)
1734 4960 1842 5017 11⁷,
1875 4971 1902 5007 a
1934 4956 2349 5009 bononiensibus.

1681 5035 1696 5094 )
1765 5038 1839 5093 1⁷,
1874 5047 1936 5083 ex
1967 5034 2139 5097 spinis.

1641 5109 1696 5171 (⁸)
1727 5108 1790 5159 Β.
1819 5120 1850 5158 e
1881 5108 1932 5159 S.
1967 5108 2082 5161 Non
2111 5111 2155 5160 ti
2181 5110 2525 5175 numinum·
2550 5108 2657 5159 ⁸⁸60
2680 5108 2893 5173 pinnac,
2934 5108 3099 5167 Τωοο,
3134 5107 3281 5159 idest.

1731 5036 1754 5081 Ἀ
