4392 6850
1439 993 1716 1049 caurus
1765 995 2152 1052 sEcunnUs.
2876 984 2961 1050 71

619 1139 820 1234 quod
854 1138 1244 1234 respondet
1285 1139 1589 1234 Casella,
1627 1141 1825 1235 quod
1859 1142 2182 1237 Angelus
2224 1141 2349 1236 qui
2386 1143 2605 1218 habet
2639 1141 2967 1218 officium

621 1241 1156 1354 transportandi
1205 1259 1490 1333 animas
1539 1260 1634 1335 ad
1684 1263 2224 1358 purgatorium,
2276 1263 2512 1338 noluit
2570 1264 2809 1361 ipsum
2861 1264 2970 1338 le-

625 1401 806 1456 vare
853 1380 1099 1475 citius3
1151 1387 1228 1454 et
1268 1379 1444 1476 jure
1493 1382 1770 1477 optimo
1821 1384 1962 1458 hoc
2013 1383 2204 1478 fecit,
2242 1383 2415 1477 quia
2466 1385 2619 1481 ipse
2670 1407 2818 1460 non
2855 1385 2969 1459 di-

623 1499 900 1596 sposuit
949 1519 1029 1574 se
1078 1499 1314 1594 citiuS,
1367 1500 1494 1575 sed
1544 1501 1857 1576 finaliter
1909 1503 1980 1576 in
2031 1503 2154 1578 illo
2204 1525 2401 1579 anno
2451 1506 2731 1600 jubilaei
2790 1505 2967 1600 ipse,

623 1620 812 1694 sicut
861 1626 936 1694 et
987 1620 1198 1694 multi
1248 1620 1392 1714 alii,
1447 1620 1740 1695 reduxit
1788 1643 1870 1698 se
1917 1623 2011 1697 ad
2061 1624 2324 1719 Deum,
2364 1629 2438 1698 et
2486 1625 2845 1700 contritus
2895 1631 2970 1699 et

621 1739 996 1814 confessus
1048 1739 1177 1814 ivit
1225 1741 1540 1815 Romam
1577 1762 1711 1836 pro
1744 1741 2216 1838 indulgentia,
2251 1749 2327 1818 et
2363 1744 2579 1839 paulo
2610 1750 2773 1840 post
2810 1765 2969 1819 me·

625 1860 774 1934 ruit
823 1859 1055 1936 levari
1105 1861 1200 1935 ab
1249 1861 1548 1958 Angelo.
1586 1861 1772 1936 Dicit
1807 1883 1988 1960 ergo
2041 1869 2255 1960 poeta
2306 1863 2585 1959 primo:
2638 1885 2759 1938 ma
2809 1886 2857 1937 a
2910 1871 2972 1937 te

625 1984 800 2054 com'
825 1977 868 2055 e*
913 1989 1110 2055 tanta
1158 2003 1296 2055 ora
1345 1985 1514 2057 tolca
1540 1989 1578 2056 ?
1611 1982 1816 2078 idest,
1853 1990 1930 2059 et
1961 1990 2045 2058 tu
2096 2005 2333 2078 quare
2381 1990 2583 2059 tanto
2638 1991 2971 2079 tempore
3012 2003 3020 2008 ·

623 2102 956 2177 distulisti
1011 2102 1262 2178 venire
1327 2105 1474 2178 huc
1501 2108 1535 2176 Τ
1599 2109 1672 2178 et
1735 2105 2084 2179 continuo
2152 2105 2351 2200 ponit
2422 2105 2967 2201 responsionem

623 2221 945 2317 Casellae,
995 2223 1276 2298 dicens:
1313 2231 1381 2298 et
1423 2226 1540 2298 elli
1576 2245 1625 2297 a
1661 2246 1808 2298 me:
1843 2225 2114 2300 scilicet
2147 2226 2426 2300 Casella
2463 2234 2723 2300 cantor
2751 2225 2969 2300 dixit:

621 2365 877 2418 'tessun
925 2340 1084 2418 m’e'
1122 2349 1302 2440 fatto
1351 2347 1732 2438 olcrawtb,
1785 2345 1990 2439 idest,
2045 2346 2246 2421 nulla
2296 2345 2587 2439 iniuria,
2626 2347 2824 2422 nulla
2857 2347 2971 2419 in·
3018 2333 3025 2342 ’

623 2464 916 2560 iustitia,
965 2487 1044 2538 se
1091 2469 1272 2557 quei,
1316 2465 1610 2561 scilicet,
1652 2467 1974 2563 Angelus
2023 2467 2338 2561 Domini,
2381 2470 2501 2540 che
2551 2471 2732 2560 leva,
2784 2467 2974 2542 scili-

623 2595 764 2679 cet,
815 2585 890 2659 in
941 2586 1132 2680 navi,
1184 2589 1468 2677 quando
1517 2607 1556 2658 e
1605 2589 1718 2660 cui
1779 2591 1830 2659 li
1889 2589 2115 2681 piace,
2175 2608 2349 2661 cum
2418 2587 2653 2682 gratia
2704 2588 2971 2682 divina,

517 2723 526 2730 ·
619 2701 742 2800 ρίὴ
793 2707 986 2800 volte,
1033 2707 1123 2777 m'
1148 2707 1240 2777 ha
1301 2713 1554 2797 negato
1619 2713 1760 2780 esto
1809 2711 2227 2800 passaqin,
2280 2708 2451 2802 quia
2504 2707 2775 2782 scilicet
2826 2728 2971 2782 non

625 2827 1015 2924 promovit,
1069 2847 1215 2900 non
1268 2826 1598 2902 invitavit
1649 2848 1771 2902 me
1820 2827 1912 2900 ad
1963 2827 2154 2902 istud
2203 2829 2743 2925 purgatorium,
2784 2827 2973 2902 sicut

625 2955 710 3023 tu
761 2967 954 3042 saepe
987 2945 1342 3021 invitabas
1380 2966 1501 3021 me
1534 2947 1627 3021 ad
1659 2954 1981 3021 cantum.
2019 2948 2107 3020 Et
2141 2948 2257 3022 hic
2297 2955 2466 3023 nota
2503 2949 2701 3042 quod
2734 2948 2970 3045 gratia

625 3089 774 3144 non
823 3067 1044 3142 datur
1091 3067 1183 3160 ei,
1236 3066 1362 3160 qui
1417 3088 1562 3141 non
1613 3087 1694 3140 se
1745 3067 2109 3162 habilitat3
2145 3066 2239 3141 de
2279 3088 2431 3161 quo
2480 3073 2783 3163 possunt
2814 3066 2971 3141 dari

627 3191 860 3264 multa
911 3188 1269 3282 exempla,
1321 3188 1634 3294 sicut-in
1687 3187 1807 3261 illo
1859 3187 1984 3282 qui
2051 3209 2355 3260 manum
2410 3189 2502 3262 ad
2553 3189 2969 3284 largitatem

624 3333 772 3386 non
823 3309 1133 3384 ostendit
1165 3302 1262 3404 (¹),
1315 3309 1488 3402 quia
1539 3309 1736 3382 Deus
1787 3316 2147 3402 quantum
2203 3309 2275 3381 in
2327 3327 2408 3383 se
2458 3315 2568 3383 est
2626 3308 2749 3385 dat
2806 3329 2973 3382 om-

625 3433 842 3506 nibus
890 3432 1328 3506 affluenterz'
1367 3431 1440 3504 in
1491 3429 1613 3505 illo
1665 3432 1790 3525 qui
1841 3430 2095 3505 oculos
2145 3436 2403 3505 contra
2456 3432 2708 3504 lumen
2763 3433 2969 3506 clau—

625 3552 750 3647 dit,
803 3572 977 3627 cum
1029 3550 1276 3624 ta'men
1329 3552 1526 3625 Deus
1576 3550 1802 3625 solem
1833 3542 1908 3643 (²)
1961 3572 2180 3623 suum
2243 3551 2419 3624 oriri
2487 3552 2701 3625 faciat
2750 3572 2973 3646 super

627 3672 858 3748 bonos
907 3677 984 3745 et
1031 3672 1300 3745 malos:
1339 3671 1412 3743 in
1465 3671 1587 3745 illo
1637 3671 1766 3765 qui
1817 3670 2089 3745 fontem
2134 3670 2511 3745 inveniens
2552 3672 2767 3768 erigit
2801 3672 2973 3745 sun-

629 3794 806 3867 dum
859 3792 1051 3867 vasis
1099 3813 1422 3884 sursum,
1477 3791 1650 3884 quia
1701 3792 1920 3885 DeuS,
1977 3795 2055 3863 ut
2117 3790 2218 3865 ait
2274 3791 2749 3886 AugustinuS,
2815 3812 2976 3865 ma-

628 3934 775 4009 gna
825 3912 1256 3987 liberalitate
1307 3918 1381 3985 et
1435 3912 1770 3987 ubertate
1819 3931 2077 3985 omnes
2127 3917 2510 3985 creaturas
2566 3912 2795 4005 replet
2838 3933 2975 4006 pro

628 4031 1030 4127 capacitate
1079 4052 1368 4125 earum,
1419 4030 1492 4105 in
1544 4051 1636 4104 eo
1687 4032 1813 4124 qui
1864 4031 2169 4105 domum
2226 4050 2437 4103 suam
2480 4030 2701 4125 cingit
2753 4030 2975 4125 spinis

629 4173 723 4227 ne
771 4152 1228 4249 ingrediatur
1275 4152 1580 4246 amicus,
1633 4152 1786 4246 ipse
1849 4150 2044 4225 enim
2100 4151 2299 4225 Deus
2348 4171 2641 4244 semper
2692 4156 2833 4225 stat
2882 4151 2975 4225 ad

627 4272 898 4347 ostium
964 4279 1040 4346 et
1105 4273 1389 4367 pulsat:
1459 4272 1533 4344 in
1609 4291 1700 4345 eo
1778 4270 1903 4364 qui
1969 4270 2221 4344 lolium
2288 4290 2435 4343 non
2502 4271 2817 4365 extirpat
2881 4291 2972 4344 ex

626 4414 810 4491 agro
861 4412 1024 4487 suo,
1077 4398 1372 4487 propter
1422 4391 1620 4485 quod
1671 4392 1956 4464 fructus
2001 4409 2343 4465 crescere
2393 4411 2540 4463 non
2580 4397 2863 4485 potest:
2902 4391 2975 4464 in

626 4534 718 4589 eo
770 4514 896 4608 qui
963 4513 1264 4610 negligit
1325 4510 1617 4607 aperire
1674 4533 1760 4586 os
1821 4512 1913 4585 ad
1981 4511 2423 4586 sumendum
2476 4511 2749 4605 cibum,
2804 4512 2976 4605 quia

627 4633 788 4708 talis
841 4632 1104 4708 merito
1153 4633 1372 4707 debet
1421 4632 1620 4707 fame
1673 4632 1906 4705 mori:
1961 4632 2034 4705 in
2085 4631 2210 4704 illo
2274 4630 2401 4724 qui
2454 4638 2786 4727 tempore
2838 4654 2977 4726 pu-

625 4774 792 4851 gnae
841 4775 1052 4829 arma
1104 4754 1346 4829 abiicit
1377 4746 1476 4848 (³),
1505 4754 1679 4848 quia
1731 4754 1893 4828 talis
1943 4772 2136 4847 saepe
2187 4752 2501 4846 capitur,
2546 4752 2978 4826 vulneratur

629 4876 745 4951 vel
799 4874 1198 4949 occiditur:
1251 4876 1324 4959 in
1376 4875 1498 4949 illo
1567 4874 1694 4968 qui
1763 4894 2056 4949 remum
2121 4894 2269 4946 non
2333 4877 2579 4946 movet
2646 4878 2979 4967 tempore

754 5135 809 5195 ξ’)
842 5134 903 5184 Ε.
937 5134 1182 5187 extendit.
1468 5135 1524 5197 (’)
1553 5135 1604 5187 S.
1638 5134 1817 5186 lumen
1851 5148 2022 5185 suum.
2306 5132 2357 5194 ιζ’)
2394 5132 2452 5182 Ε.
2485 5131 2684 5181 abiecit.
