4392 6850
1467 906 1610 975 32⁰
2187 920 2597 975 coma-un
2644 920 3083 975 Puaouonu

1467 1085 1635 1137 rum
1689 1064 2231 1161 purgatorium,
2280 1086 2357 1139 se
2404 1065 2637 1139 buono
2686 1068 3017 1155 orazion,
3065 1064 3375 1140 alicuius
3424 1062 3561 1141 viri
3602 1065 3802 1161 justi,

1463 1206 1609 1257 non
1657 1189 1806 1259 aila
1855 1188 1978 1277 lui,
2031 1185 2487 1280 impetrando
2538 1186 2850 1283 gratiam
2900 1185 3095 1281 apud
3131 1186 3395 1281 Deum,
3430 1186 3621 1261 sicut
3668 1207 3807 1260 au-

1333 1348 1342 1357 ·
1461 1304 1616 1379 dies
1665 1304 1854 1380 infra
1903 1305 1996 1381 de
2047 1306 2190 1380 alio
2242 1306 2497 1401 spiritu
2550 1305 2859 1398 senensi,
2914 1305 3043 1400 qui
3094 1305 3229 1379 fuit
3286 1305 3581 1381 adiutus
3644 1326 3805 1401 pre-

1461 1426 1668 1501 cibus
1719 1427 1947 1503 sancti
2001 1427 2162 1520 viri,
2206 1430 2449 1521 prima
2488 1429 2609 1499 che
2644 1430 2847 1521 passi
2880 1434 3129 1521 tempo,
3164 1428 3456 1522 scilicet,
3492 1433 3801 1521 tantum,

1461 1555 1724 1639 quanto
1775 1551 1976 1640 visse,
2029 1546 2321 1641 scilicet,
2364 1546 2437 1620 in
2488 1552 2787 1642 peccato
2826 1547 2983 1623 sine
3024 1546 3469 1643 poenitentia,
3504 1568 3697 1621 come
3721 1550 3805 1640 su

1461 1673 1536 1744 Ia
1585 1678 1836 1743 venula
1885 1672 2152 1759 largita
2202 1690 2251 1741 a
2300 1671 2421 1757 lui,
2472 1667 2677 1761 idest,
2730 1668 3045 1762 qualiter
3086 1658 3269 1766 ergo
3310 1668 3443 1741 fuit
3492 1667 3803 1743 donatus

1460 1794 1535 1865 et
1595 1809 1984 1865 concessus
2035 1788 2166 1863 sibi
2220 1808 2557 1863 accessus
2606 1788 2700 1862 ad
2762 1788 3324 1883 purgatorium?
3348 1828 3447 1843 --
3480 1792 3797 1877 Quando.

1459 1910 1590 1985 Hic
1623 1915 1838 2005 poeta
1873 1908 2071 2005 ponit
2105 1908 2645 2004 responsionem
2674 1907 2975 1983 Odorisii
3004 1909 3095 1984 ad
3129 1909 3519 2003 quaesitum
3554 1930 3799 2003 suum,

1459 2030 1588 2125 qui
1649 2031 1972 2105 breviter
2033 2028 2419 2125 respondet
2479 2029 2677 2124 quod
2745 2030 3245 2105 Provinzanus
3308 2028 3801 2125 promeruerit

1457 2151 1670 2226 istam
1739 2151 2049 2248 gratiam
2115 2172 2160 2225 a
2230 2150 2383 2225 Deo
2450 2155 2748 2245 propter
2816 2171 3003 2245 opus
3067 2150 3291 2246 pium,
3354 2150 3553 2245 quod
3626 2172 3797 2225 cum

1459 2292 1752 2345 summa
1805 2270 2215 2345 humilitate
2266 2276 2339 2344 et
2389 2269 2835 2367 benignitate
2896 2270 3062 2345 fecit
3123 2290 3257 2364 pro
3320 2269 3561 2346 amico
3592 2264 3665 2361 (¹)
3730 2272 3799 2343 in

1459 2412 1804 2487 suprema
1859 2391 2309 2465 necessitate.
2364 2388 2469 2463 Ad
2522 2389 2733 2465 cuius
2786 2390 2893 2464 rei
2936 2390 3481 2485 intelligentiam
3524 2392 3797 2465 claram

1463 2512 1630 2586 volo
1699 2517 1772 2585 te
1845 2511 2054 2603 scire,
2125 2509 2323 2604 quod
2387 2529 2557 2583 cum
2624 2509 2923 2604 quidam
2990 2510 3272 2585 amicus
3346 2509 3797 2604 Provinzani,

1459 2638 1718 2727 captus
1769 2632 1840 2705 in
1893 2630 2230 2705 conflictu
2286 2630 2695 2723 Conradini‚
2731 2629 3182 2705 detineretur
3216 2631 3291 2704 in
3326 2650 3629 2705 carcere
3662 2631 3801 2705 Ca-

1463 2753 1594 2829 roli
1648 2751 1966 2845 victoris,
2016 2751 2471 2825 adiudicatus
2530 2752 2772 2844 morti,
2825 2751 2959 2825 nisi
3021 2752 3207 2826 infra
3272 2757 3559 2827 certum
3628 2751 3799 2827 bre-

1459 2896 1626 2951 vem
1663 2866 1736 2966 (²)
1787 2872 2188 2947 terminum
2240 2871 2567 2947 solvisset
2616 2873 2873 2947 decem
2922 2872 3147 2947 millia
3179 2892 3614 2966 aureorum,
3648 2872 3799 2966 ipse

1459 2994 1956 3069 Provinzanus
2007 2992 2345 3087 exposuit
2394 3014 2475 3067 se
2522 2994 2614 3066 ad
2668 2994 3230 3069 mendicandum
3274 2993 3621 3089 suffragia
3666 3012 3797 3086 pro

1458 3114 1959 3209 redemptione
2021 3113 2260 3189 amici.
2326 3115 2511 3187 Nam
2580 3114 2810 3209 posito
2880 3114 3114 3190 banco
3178 3134 3351 3189 cum
3417 3120 3661 3209 tapeto
3724 3114 3797 3187 in

1457 3237 1694 3330 platea
1753 3234 2081 3327 civitatiS‚
2142 3234 2363 3329 coepit
2422 3235 2793 3311 humiliter
2852 3256 3124 3331 rogare
3186 3255 3797 3329 unumquemque

1460 3361 1540 3430 ut
1591 3355 1956 3431 conferret
2010 3355 2488 3452 redemptioni
2540 3356 2784 3450 istius3
2837 3362 2911 3432 et
2960 3356 3063 3432 sic
3112 3356 3185 3430 in
3237 3356 3441 3431 brevi
3494 3356 3795 3432 collecta

1455 3477 1764 3572 pecunia
1817 3477 2227 3552 necessaria
2294 3477 2627 3552 liberavit
2684 3477 3031 3551 amicum.
3094 3477 3201 3550 Ad
3252 3477 3539 3552 literam
3592 3497 3793 3573 erge,

1455 3596 1626 3670 dicit
1677 3602 1926 3690 poeta:
1963 3597 2088 3672 llle
2138 3595 2534 3690 OdorisiuS‚
2571 3601 2793 3672 dt‘sse:
2844 3597 3343 3672 Provinzanus
3384 3598 3794 3693 praedictuS,

1457 3718 1894 3790 liberamente
1941 3720 1998 3789 ε’
2024 3721 2274 3810 affisse,
2324 3717 2530 3811 idest,
2584 3718 2902 3792 firmavit
2951 3724 3026 3793 et
3074 3718 3455 3792 collocavit
3518 3741 3620 3813 se,
3688 3721 3800 3792 nel

1455 3859 1704 3930 campo
1753 3841 1830 3911 di
1891 3841 2126 3929 Sioua,
2189 3838 2392 3932 idest,
2458 3838 2531 3912 in
2596 3839 2833 3934 platea
2894 3839 3281 3932 Senamm,
3343 3861 3512 3934 quae
3572 3842 3793 3935 vulgo

1455 3958 1860 4052 appellatur
1895 3957 1989 4032 ibi
2028 3959 2392 4052 Campus:
2446 3963 2519 4034 et
2570 3965 2679 4033 est
2716 3959 3241 4054 pulcerrimum
3280 3959 3549 4053 forum,
3587 3962 3795 4054 quasi

1455 4079 1839 4171 circulare,
1899 4077 2504 4154 circumcinctum
2560 4079 2841 4175 magnis
2892 4080 3191 4174 palatiiS,
3230 4087 3304 4154 et
3348 4081 3419 4154 in
3458 4081 3616 4155 eius
3650 4082 3795 4156 cir-

1454 4199 1656 4274 cuitu
1727 4199 1962 4298 solent
2027 4199 2507 4274 deambulare
2568 4199 2843 4274 nobiles
2906 4207 2980 4274 et
3040 4200 3503 4276 honorabiles
3577 4202 3793 4294 cives,

1453 4319 1528 4392 in
1587 4317 1830 4393 medio
1893 4339 2069 4392 vero
2147 4319 2622 4414 negotiantes
2686 4319 2854 4393 Ideo
2922 4320 3419 4395 Provinzanus
3488 4322 3797 4397 habilius

1455 4441 1620 4515 fecit
1668 4440 1882 4514 istam
1938 4439 2526 4534 procurationem
2582 4439 2912 4535 pecuniae
2956 4440 3100 4533 ibi3
3143 4447 3215 4517 et
3254 4441 3463 4514 dicit:
3515 4444 3797 4534 quando

1455 4564 1654 4634 vivea
1695 4557 1820 4653 piz'c
1866 4565 2207 4652 ρῐοήοεο,
2242 4561 2447 4654 idest,
2492 4562 2563 4634 in
2612 4562 2728 4634 illa
2780 4561 3093 4658 gloriosa
3146 4561 3463 4654 civitate,
3508 4565 3796 4654 deposta

1453 4684 1623 4771 oyni
1671 4702 2059 4772 veryoyna,
2111 4681 2283 4776 quia
2337 4681 2783 4756 verecundia
2838 4701 3103 4778 magna
3157 4682 3447 4756 videtur
3498 4682 3793 4776 quando

1454 4800 1796 4874 dominus
1861 4807 2071 4897 rogat
2119 4823 2445 4896 servum,
2500 4808 2582 4875 ut
2608 4793 2683 4894 (³)
2752 4801 2990 4875 minor
3056 4801 3439 4877 maiorem.
3494 4803 3581 4876 Et
3631 4807 3793 4876 tan-

1579 4985 1633 5047 (¹)
1671 4991 1776 5044 11⁷,
1815 5001 1910 5049 pro
1943 4989 2110 5037 amico
2143 4989 2194 5038 in
2232 5001 2435 5038 summa
2470 4989 2785 5040 necessitate.

1579 5061 1636 5125 ι’)
1670 5063 1732 5114 E.
1765 5064 1918 5116 breve
1951 5071 2156 5130 tempus
2187 5065 2437 5118 solvisset.
2800 5067 2853 5130 (ἢ
2886 5067 2947 5118 Ε.
2980 5068 3115 5120 sicut
3147 5068 3320 5118 minor
3350 5068 3619 5118 maiorem.
