4392 6850
1397 983 1674 1040 CAN‘rus
1723 984 2050 1040 ‘mum-ms.
2806 974 2899 1044 93

547 1129 1019 1206 inveniantur
1046 1130 1120 1206 in
1143 1148 1490 1204 sermone
1514 1149 1782 1226 graeco‚
1802 1150 2041 1226 quare
2065 1151 2213 1204 non
2238 1131 2713 1207 commentati
2732 1139 2907 1208 sunt

543 1271 590 1326 a
645 1250 991 1326 maximis
1041 1248 1482 1346 philosophis
1531 1249 1721 1326 sicut
1768 1250 1864 1325 ab
1912 1249 2245 1326 Averroe
2293 1258 2368 1325 et
2405 1251 2705 1328 Alberto
2740 1273 2906 1328 ma-

548 1375 750 1468 gno?
791 1371 1052 1446 Nonne
1079 1369 1254 1445 satis
1289 1375 1490 1464 patet
1523 1390 1618 1444 ex
1651 1371 1904 1465 paucis
1938 1371 2192 1446 libellis
2231 1372 2552 1446 Platonis
2591 1372 2902 1446 transla-

547 1489 639 1564 tis
691 1489 887 1584 quod
931 1490 1136 1564 Plato
1189 1487 1603 1584 persuadet,
1655 1495 1732 1564 et
1780 1489 2203 1565 Aristoteles
2250 1491 2761 1568 demonstrat?
2810 1493 2901 1569 Et

546 1608 799 1684 dicunt
849 1609 1174 1682 fautores
1213 1607 1532 1682 Platonis
1564 1609 1764 1704 quod
1796 1610 2091 1684 Boetius
2127 1610 2263 1684 fuit
2298 1612 2725 1706 platonicuS‚
2770 1611 2897 1687 sed

547 1749 782 1823 quare
835 1728 1206 1802 transtulit
1255 1727 1445 1804 dicta
1496 1738 1570 1805 et
1620 1729 1842 1804 libros
1895 1730 2299 1806 Aristotelis
2350 1732 2423 1806 in
2474 1753 2891 1808 sermonem

546 1849 858 1927 latinum
907 1871 1080 1925 cum
1135 1856 1336 1924 tanta
1389 1871 1574 1924 cura
1610 1857 1692 1923 ut
1723 1844 1793 1942 (¹)
1835 1851 2070 1948 magis
2103 1858 2340 1926 stetur
2374 1852 2537 1928 eius
2588 1856 2897 1929 transla—

549 1971 726 2045 tioni
753 1992 981 2066 quam
1016 1969 1389 2065 antiquae?
1423 1975 1496 2044 et
1530 1991 1764 2064 quare
1797 1972 2324 2047 commentavit
2356 1973 2641 2068 aliquos
2675 1975 2899 2048 libros

547 2091 769 2168 eius?
820 2091 1154 2167 Socrates
1203 2097 1456 2166 autem
1517 2111 1740 2166 omne
1803 2092 2127 2167 studium
2193 2092 2659 2190 philosophiae
2720 2115 2898 2170 con-

547 2213 770 2290 vertit
819 2213 913 2288 ad
965 2233 1232 2306 mores,
1269 2219 1343 2286 et
1377 2220 1684 2287 conatus
1734 2220 1845 2287 est
1894 2213 2137 2289 facere
2186 2214 2561 2290 bominem
2614 2215 2893 2290 bonum

548 2333 784 2430 magis
835 2353 1058 2427 quam
1113 2332 1502 2426 scientem3
1553 2332 1704 2408 imo
1756 2332 1985 2408 voluit
2037 2334 2235 2428 quod
2285 2334 2519 2409 virtus
2560 2356 2708 2409 non
2757 2335 2895 2410 dis-

545 2456 773 2532 ferret
821 2475 866 2528 a
919 2453 1239 2528 scientia.
1293 2454 1380 2526 Et
1433 2454 1604 2548 quia
1660 2473 1970 2552 magnus
2006 2455 2141 2528 fuit
2175 2477 2535 2531 numerus
2575 2456 2895 2552 philoso-

545 2578 862 2672 phorum
918 2580 992 2649 et
1042 2579 1460 2669 poetarum,
1495 2573 1621 2667 qui
1658 2594 1792 2668 per
1825 2576 2395 2670 speculationem
2438 2575 2897 2652 devenerunt

545 2698 621 2773 in
669 2694 1164 2792 cognitionem
1217 2694 1621 2768 multarum
1679 2715 1931 2769 rerum
1985 2697 2434 2772 naturalium
2501 2705 2577 2774 et
2643 2718 2897 2772 mora-

545 2817 751 2908 lium,
804 2814 968 2889 ideo
1019 2815 1209 2888 bene
1257 2812 1428 2888 dicit
1478 2813 1859 2910 Virgilius:
1902 2837 1940 2888 e
1988 2819 2063 2891 di
2111 2819 2305 2890 molti
2342 2820 2537 2908 alm,
2570 2816 2761 2892 sicut
2799 2817 2893 2894 de

544 2937 874 3011 Averroe
897 2941 1484 3010 commentatore
1508 2942 1582 3011 et
1619 2936 1888 3032 multiS‚
1917 2937 2042 3032 qui
2075 2939 2395 3033 superbe
2418 2939 2892 3014 crediderunt

544 3057 792 3132 omnia
844 3057 1056 3150 scire,
1107 3055 1202 3132 de
1250 3056 1516 3150 quibus
1566 3055 1736 3131 alibi
1778 3057 2054 3134 dictum
2092 3066 2223 3133 est.
2261 3060 2349 3132 Et
2380 3059 2553 3134 dicit
2584 3061 2885 3134 Dantes:

542 3199 580 3250 e
627 3182 747 3270 qui
795 3167 998 3250 οΙιίηὸ
1048 3179 1122 3249 la
1165 3180 1425 3271 fronte,
1463 3176 1668 3270 idest,
1705 3177 1856 3271 ipse
1906 3177 2247 3276 Virgilius
2286 3181 2425 3254 boc
2463 3180 2655 3256 dicto
2688 3179 2891 3256 deie-

543 3297 643 3372 cit
693 3299 950 3372 oculos
999 3296 1091 3370 ad
1135 3303 1412 3372 terram
1455 3317 1548 3372 ex
1602 3297 1856 3374 dolore
1907 3305 1984 3374 et
2031 3298 2336 3394 pudore,
2391 3299 2565 3393 quia
2612 3299 2891 3374 dictum

542 3419 889 3517 tangebat
919 3418 1184 3515 ipsum,
1219 3417 1428 3513 quasi
1469 3418 1716 3493 dicens
1761 3418 2014 3494 tacite:
2053 3426 2129 3495 et
2161 3440 2301 3515 ego
2338 3419 2585 3495 infelix
2624 3419 2717 3495 de
2753 3442 2895 3495 nu-

542 3559 758 3613 mero
808 3538 1100 3613 illorum
1156 3539 1282 3633 fui,
1335 3558 1372 3610 e
1417 3534 1542 3631 pi&
1597 3560 1744 3613 non
1807 3542 2016 3625 disse,
2067 3538 2243 3633 quia
2307 3561 2567 3615 vocem
2628 3541 2893 3637 amisit,

539 3658 640 3735 ita
695 3660 893 3755 quod
945 3680 1089 3735 non
1139 3659 1376 3755 potuit
1425 3660 1740 3756 amplius
1789 3661 2034 3735 facere
2076 3662 2393 3735 verbum
2436 3662 2529 3737 de
2570 3663 2692 3736 tali
2729 3685 2893 3739 ma-

539 3780 750 3873 teria,
803 3802 842 3853 e
891 3783 1151 3853 rimase
1201 3781 1497 3855 acrbaco.

693 3904 832 3975 Noi
878 3904 1292 3975 divenimmo
1341 3903 1630 3975 intanto.
1685 3900 1826 3974 Ista
1875 3906 1986 3975 est
2045 3900 2367 3975 secunda
2426 3922 2595 3997 pars
2660 3923 2891 3999 gene—

546 4020 713 4095 ralis
764 4020 1057 4117 capituli
1085 4011 1190 4115 (²),
1242 4019 1316 4094 in
1367 4042 1514 4115 qua
1561 4026 1777 4115 poeta
1812 4018 2153 4095 describit
2202 4020 2419 4095 aliam
2473 4023 2767 4097 turbam
2810 4015 2883 4115 (³)

543 4141 962 4216 animarum
1013 4142 1328 4215 aliorum
1383 4141 1882 4235 relegatorum
1943 4145 2154 4215 extra
2215 4142 2748 4238 purgatorium.
2801 4144 2889 4217 Et

543 4260 780 4357 primo
827 4260 1174 4340 ,describit
1223 4261 1466 4335 locum
1519 4260 1608 4334 ad
1663 4280 1888 4355 quem
1938 4261 2385 4355 appulerunt
2430 4262 2528 4336 ab
2570 4263 2727 4337 eius
2760 4284 2885 4337 ar-

541 4380 839 4474 duitate,
893 4380 1185 4456 dicens:
1240 4383 1377 4455 Noi
1425 4382 1840 4454 divenimmo
1887 4383 2156 4455 intanto
2207 4402 2256 4453 a
2306 4377 2424 4473 pie*
2470 4384 2587 4455 del
2632 4390 2887 4474 monte,

542 4501 742 4596 idest,
799 4522 932 4575 nos
981 4501 1446 4575 ambulantes
1495 4499 1594 4574 ita
1627 4506 1760 4595 per
1805 4500 2177 4596 planitiem
2232 4499 2587 4575 humilem
2640 4500 2893 4577 confe-

545 4632 787 4701 rentes
837 4624 931 4699 de
980 4624 1292 4699 materia
1341 4623 1576 4698 ardua
1625 4624 2098 4717 pervenimus
2131 4623 2227 4698 ad
2262 4622 2544 4699 radices
2596 4626 2883 4700 montis.

537 4747 628 4822 Et
677 4747 794 4821 hic
852 4753 1023 4820 nota
1089 4744 1287 4839 quod
1356 4742 1472 4817 bic
1539 4753 1654 4822 est
1707 4743 2032 4838 primum
2094 4743 2529 4840 principium
2596 4744 2887 4841 montiS‚

541 4868 744 4964 idest,
799 4870 1117 4964 primum
1171 4867 1456 4943 initium
1532 4868 1848 4961 virtutis3
1919 4868 2080 4945 ideo
2143 4869 2387 4945 statim
2440 4870 2672 4967 tangit
2728 4870 2889 4945 eius

667 5058 724 5121 (¹)
755 5058 818 5107 E.
851 5063 913 5108 ut
943 5057 1142 5109 scilicet
1173 5057 1355 5120 magis.
1795 5054 1854 5119 (¹)
1885 5056 1948 5108 E.
1981 5058 2136 5108 buius
2167 5058 2399 5129 capituli.

669 5132 721 5196 (⁸)
758 5137 866 5195 11⁷,
887 5134 1094 5185 turbam
1125 5134 1346 5187 aliarum
1379 5132 1670 5184 animarum
1703 5132 2072 5197 relegatur-um.
