4392 6850
1474 940 1617 1011 494
2184 953 2598 1009 com-run
2647 954 3089 1013 runenmnu

1472 1098 1821 1175 factorem
1856 1118 2104 1193 suum,
2145 1098 2274 1193 qui
2310 1098 2750 1179 liberaverat
2783 1120 2912 1175 eos
2945 1100 3039 1175 de
3081 1099 3542 1175 amarissima
3579 1099 3817 1175 servi-

1473 1224 1633 1293 tute
1686 1218 2171 1315 aegyptiorum
2227 1239 2358 1313 per
2421 1220 2743 1317 Moysem
2793 1242 2966 1295 cum
3019 1220 3626 1295 manifestissimis
3677 1221 3818 1295 mi-

1472 1338 1761 1433 raculis,
1814 1345 1890 1413 et
1938 1339 2228 1433 aperuit
2277 1360 2512 1431 mare,
2563 1341 2638 1415 in
2689 1362 2840 1435 quo
2891 1341 3149 1415 mersit
3197 1342 3684 1437 Pharaonem,
3737 1351 3814 1419 et

1472 1458 1669 1552 pavit
1716 1479 1847 1533 eos
1898 1480 2169 1534 manna
2221 1460 2293 1534 in
2341 1460 2661 1555 deserto,
2699 1468 2775 1536 et
2805 1462 2948 1536 alia
2989 1460 3342 1537 beneficia
3383 1462 3816 1539 innumera-

1370 1562 1375 1569 ’
1470 1578 1643 1655 bilia
1694 1579 1899 1673 fecit3
1950 1587 2027 1655 et
2076 1588 2325 1657 tamen
2375 1581 2678 1656 fuerunt
2725 1588 2878 1656 tam
2929 1581 3126 1676 lenti,
3179 1582 3355 1677 imo,
3409 1591 3492 1656 ut
3549 1585 3816 1659 melius

1470 1697 1733 1793 dicam,
1782 1706 1935 1775 tam
1990 1700 2288 1797 maligni
2353 1706 2428 1777 et
2485 1700 2752 1798 ingrati
2817 1702 3012 1796 quod
3064 1702 3549 1799 quadraginta
3603 1704 3815 1779 annis

1471 1826 1913 1894 erraverunt
1961 1841 2093 1916 per
2145 1820 2546 1915 desertum,
2597 1828 2672 1896 et
2721 1842 2916 1917 saepe
2965 1822 3364 1897 voluerunt
3414 1824 3686 1899 reverti
3737 1824 3814 1899 in

1471 1937 1893 2035 AEgyptum,
1958 1947 2034 2015 et
2095 1960 2292 2036 saepe
2353 1942 2750 2017 voluerunt
2819 1946 3147 2047 mactare
3211 1940 3480 2017 ducem
3543 1965 3813 2039 suum3

1472 2058 1636 2135 ideo
1684 2059 1893 2135 dicit:
1944 2068 2020 2135 et
2060 2060 2159 2135 illi
2192 2060 2344 2137 duo
2385 2060 2806 2136 mordentes
2837 2061 3214 2155 accidiam,
3249 2064 3516 2137 div-etro
3553 2086 3601 2137 a
3635 2068 3812 2155 miti,

1474 2178 1647 2274 quia
1678 2180 2027 2273 postremi
2064 2186 2300 2275 erant,
2339 2183 2612 2272 diceas,
2637 2181 3022 2275 cantande,
3051 2185 3294 2273 prima
3321 2187 3443 2276 sue
3475 2192 3710 2259 mona
3741 2186 3816 2259 Ia

1470 2306 1693 2390 yeme,
1755 2300 2047 2393 seilicet,
2112 2301 2608 2395 hebraeorum,
2660 2302 2785 2397 qui
2847 2302 3152 2377 fuerunt
3213 2304 3404 2379 ultra
3469 2312 3815 2380 sexcenta

1473 2420 1695 2495 millia
1749 2420 2101 2515 virorum,
2136 2442 2186 2493 a
2235 2424 2347 2495 cui
2391 2424 2447 2495 il
2491 2442 2654 2497 mar
2681 2426 3038 2517 ,ςἀρετεε,
3075 2444 3207 2517 per
3255 2430 3536 2499 tactum
3587 2425 3818 2522 virgae

1472 2539 1719 2635 Moysi,
1770 2542 1891 2613 che
1936 2543 2244 2629 Jordan,
2279 2539 2406 2635 qui
2455 2547 2566 2615 est
2615 2542 2884 2616 fluvius
2919 2542 2991 2615 in
3027 2542 3341 2618 confinio
3379 2543 3536 2619 sive
3573 2544 3816 2639 primo

1474 2660 1809 2757 ingressu
1860 2660 2107 2735 Terrae
2158 2660 2464 2756 Sanctae,
2518 2664 2792 2737 vedesse
2839 2666 2903 2737 le
2933 2666 3100 2736 rede
3129 2684 3276 2753 sue,
3330 2664 3504 2759 quia
3553 2684 3814 2739 omnes

1476 2779 1753 2856 mortui
1800 2784 1973 2853 sunt
2021 2787 2418 2876 antequam
2473 2782 2942 2876 pervenirent
2989 2782 3084 2857 ad
3121 2782 3543 2878 Jordanem,
3584 2804 3808 2878 quem

1474 2906 1725 2997 postea
1775 2901 2105 2977 haeredes
2151 2922 2417 2977 eorum
2459 2902 2956 2979 transiverunt
2988 2903 3182 2977 sicco
3224 2903 3428 2997 pede,
3461 2904 3648 2979 sicut
3683 2926 3814 2999 pa·-

1476 3027 1627 3095 tres
1679 3020 2165 3096 transiverant
2217 3040 2445 3095 mare.
2497 3021 2636 3117 Ipsi
2679 3022 2872 3099 enim
2912 3023 3118 3117 quasi
3145 3023 3323 3117 jure
3355 3022 3814 3099 haereditario

1476 3140 1841 3216 debebant
1890 3142 2290 3217 succedere
2343 3142 2416 3217 in
2465 3148 2746 3221 terram
2797 3142 3143 3217 Chanaan
3195 3144 3628 3237 promissam
3681 3144 3812 3218 sibi

1474 3283 1521 3337 a
1571 3262 1925 3356 Domino,
1979 3264 2094 3337 vel
2158 3263 2274 3338 dic
2335 3284 2380 3338 e
2437 3284 2834 3339 converso:
2887 3270 3286 3357 antequam
3346 3265 3585 3341 haeroe
3637 3286 3814 3339 suus

1476 3381 1757 3458 videret
1816 3383 2236 3458 lor-danem.
2263 3425 2363 3438 -
2388 3389 2455 3457 E
2507 3386 2756 3478 quella.
2821 3384 2952 3459 Hic
3015 3390 3229 3480 poeta
3289 3384 3522 3481 tangit
3583 3383 3812 3461 alium

1476 3501 1821 3578 effectum
1876 3503 2240 3578 vilissimae
2293 3503 2586 3579 accidiae
2621 3504 2695 3578 in
2728 3511 2950 3601 gente
2983 3505 3292 3598 troiana,
3327 3504 3420 3579 de
3451 3525 3600 3598 qua
3637 3503 3816 3580 scri-

1474 3622 1581 3696 bit
1630 3622 1971 3719 Virgilius
2022 3622 2111 3695 IV
2164 3623 2497 3718 EneidOS‚
2549 3624 2745 3718 quod
2795 3645 2969 3699 cum
3019 3625 3256 3700 Eneas
3295 3625 3367 3698 in
3409 3624 3646 3700 Sicilia
3695 3644 3816 3700 ce-

1475 3743 1798 3820 lebraret
1846 3744 2059 3820 ludos
2108 3744 2201 3820 ad
2263 3745 2640 3820 tumulum
2689 3745 2999 3820 Anchise
3057 3747 3244 3840 patri
3295 3765 3459 3838 sue,
3515 3743 3814 3840 quidam

1474 3883 1711 3958 senae,
1752 3865 2093 3960 juveneS,
2134 3871 2211 3938 et
2247 3864 2596 3940 mulieres
2641 3865 2914 3962 fatigati
2951 3865 3168 3962 longa
3207 3865 3812 3962 peregrinatione,

1478 3992 1553 4060 et
1602 3985 1887 4082 magnis
1938 3985 2314 4060 laboribus
2361 3985 2728 4062 extaediati
2777 3987 3260 4062 incenderunt
3319 4006 3546 4062 naves
3595 3986 3812 4060 Eneae

1476 4127 1573 4184 ne
1622 4106 1978 4182 haberent
2030 4105 2341 4181 ulterius
2375 4106 2730 4204 navigare
2779 4113 2854 4184 et
2903 4107 3160 4182 subire
3214 4127 3404 4182 nova
3455 4104 3814 4203 pericula;

1480 4225 1747 4321 quihus
1804 4227 2041 4300 Eneas
2092 4247 2274 4302 usus
2323 4226 2590 4302 saviori
2617 4219 2694 4318 (⁴)
2751 4227 3052 4302 consilio
3113 4225 3483 4300 constituit
3545 4245 3810 4304 novam

1476 4353 1754 4424 terram
1806 4346 1878 4421 in
1922 4346 2181 4442 Sicilia,
2219 4347 2346 4422 ubi
2383 4347 2678 4444 reliquit
2707 4353 2940 4424 totam
2977 4339 3050 4439 (²)
3087 4347 3384 4422 turbam
3421 4345 3810 4424 imbellem.

1477 4467 1661 4544 Dicit
1710 4488 1925 4564 ergo:
1978 4491 2015 4542 e
2074 4472 2328 4561 quella,
2379 4469 2672 4563 scilicet,
2729 4489 2950 4564 gens,
3015 4473 3091 4542 et
3155 4487 3302 4543 non
3365 4467 3562 4542 dicas
3621 4467 3816 4561 qued

1479 4590 1829 4684 loquatur
1876 4588 1971 4664 de
2021 4590 2321 4685 Creusa,
2373 4588 2561 4664 sicut
2617 4577 2916 4684 quidam
2983 4589 3238 4666 volunt
3293 4594 3372 4664 et
3434 4588 3651 4684 male,
3697 4590 3818 4662 01oe

1478 4713 1525 4783 τ’
1548 4715 1845 4803 affanno
1894 4732 2039 4783 non
2086 4717 2400 4804 sofferse,
2459 4709 2662 4806 idoet,
2715 4731 2864 4786 non
2914 4709 3254 4785 toleravit
3301 4710 3661 4805 patienter
3711 4709 3815 4784 ln·-

1479 4830 1761 4923 borem,
1797 4833 1910 4903 col
1946 4833 2220 4923 fioliuol
2254 4832 2644 4922 d’Anclzioe,
2685 4829 2888 4922 idest,
2925 4830 3165 4922 Eneae,
3194 4832 3344 4921 fino
3393 4831 3474 4902 al
3509 4831 3696 4923 firm
3741 4834 3814 4904 et

1604 5087 1659 5150 (¹)
1692 5087 1751 5138 Ε.
1783 5051 2083 5139 nniore.—
2107 5093 2216 5150 117,
2250 5089 2458 5140 seniori.
2819 5087 2874 5152 (⁸)
2907 5089 2969 5140 E.
3001 5087 3216 5153 reliquit
3245 5101 3435 5140 novum
3466 5087 3693 5138 terh-n.
