4392 6850
1433 909 1527 976 56
1851 992 1854 996 .
2157 918 2565 974 commun
2614 919 3055 974 runoflonn

1431 1066 1822 1141 minosum.
1874 1064 2080 1139 Unde
2128 1063 2385 1138 ordina
2436 1063 2541 1146 sic
2590 1063 2903 1159 literam,
2954 1085 3125 1158 quae
3171 1073 3282 1140 est
3342 1066 3517 1140 satis
3566 1065 3771 1155 intri-

1426 1192 1628 1262 cata:
1681 1193 1748 1259 et
1791 1206 1946 1258 ecco
1995 1205 2088 1256 un
2143 1186 2325 1257 lume
2370 1187 2568 1258 venir
2594 1206 2728 1278 per
2762 1189 2831 1259 lo
2864 1207 3059 1278 mar,
3096 1187 3214 1261 hic
3256 1194 3417 1262 erat
3450 1188 3772 1284 Angelus

1427 1307 1736 1400 Domini,
1786 1298 1847 1379 si
1892 1311 2108 1396 recte,
2161 1305 2369 1400 idest,
2419 1309 2569 1380 tam
2627 1306 2863 1401 volox,
2906 1309 3027 1380 che
3055 1309 3107 1381 'l
3150 1328 3390 1382 mover
3435 1329 3565 1382 suo
3614 1329 3771 1382 nes-

1423 1449 1559 1503 sun
1607 1430 1814 1502 volar
1865 1429 2249 1519 pareyyia,
2312 1425 2517 1521 idest,
2585 1427 2783 1520 quod
2843 1428 3091 1502 nullus
3156 1434 3404 1504 motus
3464 1429 3777 1524 alicuius,

1425 1550 1584 1626 avis
1633 1547 2044 1642 levissimae,
2083 1546 2561 1622 velocissimae
2606 1555 2853 1641 aequat
2894 1551 3013 1624 vel
3044 1549 3451 1644 aequiparat
3484 1554 3765 1624 motum

1427 1671 1618 1744 illius
1667 1666 2004 1760 luminis;
2054 1673 2132 1742 ot
2177 1667 2369 1742 bene
2416 1666 2607 1741 dicit.
2669 1668 2845 1755 Quis
2906 1668 3101 1744 onim
3168 1675 3415 1744 motus
3463 1669 3769 1744 alicuius

1425 1790 1584 1865 avis
1652 1788 2052 1884 corporalis
2118 1787 2341 1881 possit
2386 1787 2771 1862 assimilari
2832 1789 3066 1862 motui
3115 1789 3393 1887 Angeli,
3462 1791 3587 1884 qui
3660 1795 3767 1864 est

1429 1910 1834 1986 substantia
1883 1908 2275 2003 spiritualis
2326 1907 2805 2002 incorporea?
2858 1909 2945 1983 Et
2986 1909 3313 1984 declarat
3349 1911 3585 2007 ipsum
3622 1911 3768 1984 An-

1429 2033 1682 2129 gelum
1734 2051 1868 2125 per
1917 2050 2146 2103 unam
2187 2028 2813 2122 comparationem
2852 2029 3169 2104 nobilem
3213 2030 3329 2105 vel
3374 2031 3766 2126 propriam,

1431 2153 1722 2228 dicens:
1776 2153 2029 2225 lumen
2078 2149 2265 2244 dico,
2300 2152 2509 2240 cotal,
2552 2148 2759 2242 idest,
2792 2155 2945 2224 tam
2994 2151 3261 2225 ardens
3310 2158 3384 2226 et
3434 2151 3766 2247 ignitum,

1429 2276 1602 2368 qual
1645 2277 1902 2364 Marte,
1953 2271 2080 2366 qui
2132 2277 2245 2346 est
2300 2270 2395 2344 de
2444 2277 2711 2346 natura
2764 2271 2875 2345 sui
2926 2270 3223 2365 calidus,
3274 2270 3557 2368 igneus,
3607 2293 3690 2344 su
3718 2275 3768 2345 'l

1423 2413 1674 2488 presso
1705 2395 1820 2466 del
1858 2393 2169 2483 niallino,
2203 2390 2412 2484 idest,
2446 2390 2520 2462 in
2554 2410 2852 2484 aurora,
2886 2395 3255 2483 rosseyqia
3284 2413 3421 2484 per
3456 2395 3507 2464 12·
3536 2394 3769 2482 ,oro-ssi

1428 2517 1706 2608 vapori,
1758 2513 1929 2607 quia
1983 2512 2042 2586 si
2091 2513 2284 2586 Mars
2331 2512 2427 2585 de
2482 2503 2563 2585 se
2630 2511 2909 2586 rubeus
2934 2503 3011 2604 (⁴)
3076 2512 3395 2588 inveniat
3457 2531 3763 2606 vapores

1425 2635 1680 2710 obvios
1729 2633 1862 2707 sihi
1911 2632 2325 2727 duplicatur
2376 2632 2607 2707 rubor
2658 2632 2861 2732 eius,
2888 2627 3009 2722 952)
3042 2635 3159 2705 nel
3188 2640 3509 2724 ponente,
3562 2631 3761 2726 idest,

1425 2757 1500 2830 in
1551 2753 1948 2848 occidente,
1995 2773 2219 2845 sopra
2266 2755 2324 2826 il
2366 2755 2525 2826 suol
2570 2754 2877 2843 marino,
2925 2751 3129 2845 idest,
3181 2773 3403 2847 supra
3454 2751 3762 2848 superfl-

1425 2875 1613 2950 ciem
1667 2874 1910 2948 maris,
1963 2874 2052 2946 Et
2102 2873 2219 2947 hic
2272 2871 2453 2946 nota‘
2499 2878 2859 2967 quantum
2912 2871 3361 2966 comparatio
3426 2879 3535 2947 est
3593 2892 3761 2967 pro-

1424 2997 1582 3092 pria
1632 2997 1725 3071 de
1775 2994 2249 3090 intelligentia
2301 2993 2395 3068 ad
2443 2994 2852 3088 planetam3
2890 2991 3077 3066 sicut
3120 2991 3315 3066 enim
3368 2993 3558 3066 Mars
3605 2992 3762 3088 pla-

1427 3123 1596 3194 neta
1648 3115 1926 3190 calidus
1975 3115 2253 3188 rubeus
2302 3114 2395 3188 de
2445 3113 2557 3187 sui
2608 3119 2876 3188 natura
2924 3113 3255 3188 accendit
3299 3113 3633 3187 homines
3670 3112 3762 3186 ad

1427 3237 1640 3329 bella,
1691 3235 1792 3309 ita
1841 3234 2163 3330 Angelus
2214 3232 2597 3329 splendens
2654 3239 2731 3308 et
2790 3232 3058 3307 ardens
3108 3232 3381 3306 inducit
3430 3233 3757 3306 homines

1425 3363 1502 3432 et
1553 3355 1848 3431 inclinat
1908 3354 2022 3429 hic
2081 3353 2174 3427 ad
2232 3352 2653 3429 bellandum
2716 3359 2974 3427 contra
3034 3351 3208 3427 vitia
3265 3357 3341 3427 et
3396 3351 3763 3429 debellan—

1425 3478 1608 3553 dum
1659 3478 1924 3552 hostes,
1979 3477 2162 3551 Nota
2214 3474 2435 3549 etiam
2488 3474 2687 3568 quod
2740 3473 3019 3549 rubedo
3080 3473 3220 3549 ista
3278 3480 3429 3548 tam
3480 3474 3764 3547 inflam-

1427 3606 1628 3675 mata
1696 3598 1966 3695 figurat
2029 3616 2365 3671 amorem
2433 3595 2777 3687 caritatiS,
2838 3614 2987 3688 quo
3045 3594 3367 3689 Angelus
3426 3593 3637 3668 ardet
3692 3593 3763 3667 in

1423 3718 2036 3813 contemplatione
2083 3716 2259 3810 Dei3
2314 3716 2501 3791 sicut
2560 3724 2811 3791 autem
2867 3714 3189 3809 Angelus
3245 3713 3485 3787 malus
3550 3714 3763 3787 trahit

1425 3840 1757 3915 homines
1813 3838 1906 3913 ad
1969 3837 2364 3930 infernum,
2415 3836 2515 3911 ita
2565 3836 2885 3932 Angelus
2950 3834 3189 3908 bonus
3252 3834 3475 3909 trahit
3530 3854 3661 3910 eos
3716 3854 3761 3907 a

1423 3960 1611 4034 vitiis
1663 3968 1736 4035 et
1785 3959 2060 4033 inducit
2121 3958 2215 4033 ad
2283 3956 2821 4053 purgationem.
2884 3955 2971 4028 Et
3036 3953 3424 4029 confirmat
3485 3953 3757 4029 dictum

1283 4168 1292 4175 .
1421 4101 1644 4155 suum
1697 4086 2180 4168 sacramento,
2233 4078 2518 4152 dicens:
2573 4077 2711 4150 hoc
2760 4076 3012 4151 lumen
3073 4074 3237 4168 vidi,
3287 4077 3443 4147 s'io
3490 4095 3762 4149 ancora

1421 4202 1492 4274 lo
1541 4203 1817 4292 veyyia,
1869 4199 2130 4273 modus
2181 4204 2295 4272 est
2340 4196 2663 4292 jurandi,
2716 4195 2923 4291 quasi
2972 4195 3211 4269 dicat:
3264 4194 3324 4267 si
3387 4195 3583 4269 Deus
3642 4195 3763 4271 det

1425 4322 1600 4395 mihi
1652 4326 1929 4395 tantam
1982 4320 2295 4415 gratiam
2350 4316 2547 4411 quod
2598 4336 2738 4412 ego
2804 4316 3075 4391 iterum
3142 4315 3427 4391 videam
3486 4314 3759 4390 dictum

1419 4443 1810 4538 Angelum,
1846 4440 2139 4533 scilicet,
2174 4439 2373 4532 quod
2422 4438 2497 4511 in
2550 4443 2821 4533 puncto
2858 4436 3113 4511 mortis
3157 4435 3347 4511 bene
3378 4434 3764 4529 dispositus

1267 4654 1274 4669 ι
1421 4562 1717 4637 veniam
1769 4558 2205 4635 secundario
2266 4559 2355 4633 ad
2416 4554 2931 4654 purgatorium
3000 4555 3315 4650 realiter,
3379 4555 3569 4629 sicut
3606 4556 3760 4651 jam

1423 4684 1653 4757 semel
1689 4682 1940 4756 vivens
1993 4679 2084 4753 ivi
2135 4679 2229 4754 ad
2262 4679 2503 4774 ipsum
2541 4676 2953 4753 mentaliter
2980 4700 3001 4771 ;
3038 4676 3315 4751 etfacit
3350 4675 3425 4750 in
3456 4676 3601 4751 hoc
3632 4696 3759 4771 pa-

1423 4803 1844 4897 renthesim,
1881 4803 2085 4895 idest,
2122 4799 2770 4895 interpositionem.
2798 4798 2889 4871 Et
2920 4796 3163 4871 subdit
3190 4796 3669 4873 intensionem
3682 4788 3755 4889 (¹¹)

1545 5068 1599 5128 (¹)
1631 5068 1694 5118 E.
1725 5066 1934 5117 rubens.
2462 5060 2517 5125 (')
2551 5065 2659 5123 11⁷,
2691 5061 3058 5111 incensionem.
3150 5100 3163 5111 .
