4392 6850
1242 957 1519 1013 cAN‘rus
1572 958 1887 1013 nncmus
1936 958 2301 1013 SEPTIMUS·
2802 948 2946 1015 463

608 1106 753 1175 tem
808 1103 1051 1199 angeli
1102 1123 1235 1197 per
1302 1102 1924 1197 comparationem
1990 1103 2363 1199 propriam
2423 1104 2712 1179 dicens:
2765 1096 2827 1177 si
2869 1109 2956 1200 sa

605 1241 737 1295 con
784 1225 932 1314 noi,
984 1220 1283 1317 scilicet,
1334 1222 1455 1297 ille
1506 1221 1803 1318 spiritus
1836 1223 2238 1319 angelicus,
2275 1244 2466 1295 come
2509 1226 2554 1297 Γ
2582 1245 2745 1298 uom
2776 1229 2842 1299 si
2869 1230 2956 1319 fa

606 1362 813 1437 semo,-
860 1344 1071 1436 quasi
1120 1343 1343 1419 dicat:
1396 1340 1585 1417 sicut
1632 1343 1856 1417 homo
1889 1364 1983 1418 ex
2018 1343 2335 1437 quadam
2375 1344 2690 1419 naturali
2726 1346 2956 1421 bene-

608 1462 921 1537 volentia
975 1470 1047 1538 et
1099 1463 1405 1537 caritate
1452 1462 1819 1536 succurrit
1864 1462 2001 1536 sibi
2052 1462 2181 1557 ipsi
2237 1464 2532 1557 quando
2596 1472 2706 1539 est
2767 1485 2954 1561 opus

608 1581 763 1656 sine
821 1603 1045 1678 prece
1100 1583 1426 1677 alterius,
1480 1582 1579 1656 ita
1632 1602 1827 1657 nunc
1886 1582 2021 1657 iste
2070 1584 2378 1680 angelus
2443 1604 2524 1659 se
2579 1586 2799 1661 habet
2857 1585 2953 1661 ad

610 1722 743 1775 nos
792 1708 867 1775 et
916 1703 1270 1797 praevenit
1318 1722 1573 1797 preces
1624 1709 1930 1777 nostras,
1989 1703 2076 1776 Et
2126 1704 2202 1776 in
2254 1705 2393 1778 hoc
2443 1704 2785 1801 Virgilius
2825 1726 2953 1779 ar-

608 1820 771 1917 guit
794 1820 1271 1897 communem
1298 1842 1634 1896 errorem
1662 1822 2071 1917 hominum,
2101 1822 2228 1916 qui
2262 1820 2588 1899 videntes
2621 1825 2954 1922 indigen-

610 1942 784 2015 tiam
838 1942 1175 2038 proximi,
1228 1941 1395 2017 licet
1445 1942 1669 2017 velint
1702 1943 2119 2037 subvenire,
2156 1949 2407 2019 tamen
2459 1950 2844 2039 expectant
2879 1954 2954 2020 et

611 2062 869 2137 volunt
920 2062 1185 2160 rogari.
1238 2062 1443 2137 Unde
1502 2062 1709 2137 dicit:
1764 2058 1888 2136 che
1938 2066 2169 2156 quale,
2237 2062 2422 2137 idest
2471 2064 2952 2159 quicumque,

611 2188 877 2275 aspecta
924 2184 980 2255 il
1021 2184 1269 2275 pru-,qo
1302 2204 1339 2253 e
1381 2184 1426 2255 Γ
1452 2180 1635 2275 uopo
1669 2185 1859 2274 vede,
1894 2181 2099 2278 idest,
2138 2183 2644 2258 necessitatem
2681 2191 2755 2259 et
2795 2185 2958 2259 ino-

611 2301 831 2397 piam,
883 2304 1416 2393 maliynamente
1476 2292 1601 2393 yid
1661 2304 1725 2375 si
1784 2309 1979 2376 mette
2040 2306 2119 2376 al
2172 2324 2396 2398 παρος
2447 2304 2658 2398 quasi
2720 2304 2955 2379 dicat:

604 2422 759 2517 jam
812 2420 1103 2495 videtur
1156 2420 1373 2495 tacite
1424 2442 1721 2517 negare,
1774 2429 1848 2497 et
1896 2423 2293 2498 crudeliter
2361 2424 2512 2522 agit
2570 2431 2646 2500 et
2695 2432 2958 2501 contra

613 2540 1018 2633 caritatem,
1070 2540 1367 2632 quando
1417 2559 1564 2614 non
1598 2541 1950 2637 praevenit
1987 2563 2284 2638 precem
2322 2543 2380 2617 si
2421 2546 2796 2641 cognoscit
2843 2546 2960 2621 in-

614 2658 1010 2755 digentiam
1061 2659 1414 2753 hominis;
1466 2660 1639 2754 quia
1690 2680 1869 2757 ergo
1920 2664 2228 2759 angelus
2267 2668 2420 2737 tam
2458 2664 2773 2762 benigne
2820 2665 2958 2740 do-

614 2780 765 2854 cuit
814 2779 1033 2875 viam,
1086 2779 1250 2855 ideo
1309 2780 1653 2877 Virgilius
1710 2782 1971 2859 suadet
2032 2804 2195 2858 esse
2254 2782 2741 2861 obediendum
2796 2787 2953 2880 sibi,

618 2898 899 2975 dicens:
964 2905 1067 2975 Or
1115 2905 1561 2976 secondiamo
1610 2924 1657 2975 a
1708 2910 1901 2977 tanto
1950 2906 2165 2978 invito
2221 2908 2276 2979 il
2313 2908 2492 2997 pede
2501 2933 2531 2999 ,·
2583 2908 2792 3000 quasi
2843 2908 2958 2982 di-

616 3028 771 3095 cat:
823 3042 1005 3119 ergo
1059 3042 1243 3118 age,·
1266 3044 1675 3117 sequamur
1726 3034 1799 3099 et
1848 3024 2210 3099 intremus
2256 3026 2476 3120 viam,
2504 3032 2956 3120 procacciam

616 3144 691 3215 di
736 3144 943 3233 salir,
992 3142 1202 3237 idest,
1250 3163 1741 3237 procuremus
1796 3146 2197 3221 ascendere
2257 3148 2552 3241 scalam,
2607 3152 2778 3243 pria
2837 3151 2958 3223 che

615 3264 671 3333 ,ς’
691 3262 923 3353 abbui,
974 3261 1183 3357 idest,
1231 3268 1630 3357 antequam
1684 3263 1810 3337 fiat
1861 3286 2005 3338 nox
2058 3266 2414 3361 obscura3
2452 3274 2526 3343 et
2564 3287 2742 3344 ecce
2773 3290 2956 3345 cau-

616 3401 821 3455 sam:
878 3374 1005 3456 cloe*
1060 3384 1185 3476 poi
1246 3404 1391 3456 non
1452 3386 1515 3456 si
1572 3386 1811 3476 pot-ia,
1871 3386 2149 3481 supple,
2210 3390 2417 3479 salir,
2466 3408 2541 3461 se
2571 3390 2624 3461 'l
2681 3381 2754 3463 di
2813 3410 2962 3464 non

614 3503 851 3595 riede;
902 3523 1077 3576 cum
1129 3505 1285 3578 sole
1345 3518 1585 3596 nov0,‘
1614 3504 1787 3598 quia
1848 3504 1941 3580 de
1994 3513 2208 3580 nocte
2260 3527 2674 3601 numquam
2725 3515 2963 3603 potest

616 3621 703 3694 iri
738 3641 871 3717 per
917 3623 1455 3721 purgatorium.
1494 3625 1583 3697 Et
1616 3625 2017 3700 concludit:
2056 3620 2197 3700 cosi
2247 3631 2303 3700 il
2347 3631 2488 3701 mio
2537 3631 2746 3721 duca,
2781 3629 2968 3706 idest

618 3741 956 3840 Virgilius
1006 3743 1107 3818 ita
1158 3745 1449 3819 locutus
1498 3751 1609 3818 est
1660 3745 1835 3819 mihi
1896 3746 1988 3821 de
2052 3748 2341 3843 angelO,
2407 3754 2484 3823 et
2543 3749 2966 3824 invitatione

619 3883 777 3938 sua.
804 3903 905 3918 —-·
929 3869 1017 3938 Et
1060 3868 1153 3937 io,
1206 3863 1335 3940 Hic
1386 3870 1601 3958 poe'ta
1637 3863 1979 3940 describit
2017 3867 2520 3942 ascensionem
2568 3887 2740 3942 cum
2785 3889 2966 3962 pur-

620 3984 915 4082 gatione
948 4005 1104 4078 sua,
1141 3985 1423 4060 dicens:
1460 3991 1552 4059 Et
1592 3988 1685 4058 io·
1714 4007 1849 4059 con
1887 3989 1984 4060 lui
2018 3975 2408 4078 =volmammo
2447 3991 2476 4060 i
2505 3992 2730 4062 nostri
2759 3990 2967 4080 passi

622 4111 720 4181 ad
780 4128 928 4180 una
992 4110 1213 4200 scala,
1280 4127 1447 4202 quae
1480 4143 1487 4152 ·
1515 4107 1834 4183 ducebat
1907 4108 2000 4182 ad
2076 4116 2428 4202 quartum
2482 4109 2867 4204 circulum,
2927 4131 2966 4184 e

621 4233 797 4301 tosto
846 4230 947 4301 ch'
971 4231 1042 4301 io
1091 4231 1171 4302 al
1203 4232 1445 4322 primo
1478 4232 1715 4320 arado
1740 4231 1875 4322 fui,
1922 4235 2011 4302 ut
2060 4229 2416 4304 intrarem
2469 4231 2765 4323 scalam,
2801 4251 2964 4303 sen-

622 4350 791 4421 ti'mi
815 4369 1066 4440 presso
1098 4353 1302 4442 quasi
1334 4371 1433 4422 un
1470 4371 1757 4424 mnover
1808 4351 1876 4422 d’
1901 4353 2023 4423 ala
2035 4376 2067 4443 ‚·
2118 4351 2277 4425 haec
2327 4356 2490 4424 erat
2538 4352 2653 4425 ala
2697 4351 2963 4448 angeli,

623 4489 661 4540 e
694 4471 1040 4543 ventarmi
1070 4471 1187 4543 nel
1224 4472 1399 4561 viso,
1434 4477 1509 4545 et
1542 4469 1791 4544 delere
1838 4489 2079 4543 unum·
2104 4463 2179 4562 (¹)
2225 4476 2614 4564 peccatum
2645 4491 2692 4544 a
2713 4471 2968 4548 fronte

622 4607 813 4683 mea,
850 4587 1144 4683 scilicet,
1182 4587 1567 4684 peccatum
1603 4589 1625 4661 i
1634 4609 1759 4684 ras,
1788 4588 1984 4683 quod
2019 4589 2342 4664 declarat
2378 4579 2588 4665 litei-a
2624 4611 2964 4688 sequenS,

622 4724 790 4801 quae
866 4706 1075 4782 dicit:
1144 4731 1181 4781 e
1255 4712 1401 4801 dir,
1476 4711 1769 4784 versus
1812 4729 1971 4783 me:
2025 4711 2229 4784 Beati
2279 4709 2582 4802 pacifici,
2652 4713 2772 4784 che
2835 4733 2962 4786 son

620 4829 947 4900 senz’ira
969 4831 1182 4901 mala.
1214 4829 1301 4902 Et
1320 4828 1453 4903 hic
1487 4836 1659 4904 nota
1687 4829 1876 4903 bene
1908 4827 2106 4922 quod
2124 4820 2203 4920 (¹)
2231 4829 2606 4926 signanter
2633 4831 2824 4905 dixit
2853 4831 2966 4909 ira

748 5011 804 5074 (¹)
838 5017 946 5075 117,
979 4991 1145 5066 unum
1176 5017 1218 5067 P
1250 5031 1279 5066 n
1312 5015 1485 5068 fronte
1517 5030 1650 5067 men.
1776 4987 1811 5074 ,’
1900 4991 1903 4998 ¹
2018 4998 2023 5004 ⁵
2161 4991 2169 5003 ⁸
2426 4991 2433 5002 ‘
2473 4979 2482 4997 ι

642 5105 679 5132 ·2
746 5085 803 5149 (²)
836 5093 945 5150 11⁷,
977 5091 1118 5155 quod
1150 5097 1301 5160 pqota
1328 5098 1507 5145 nostor
1536 5087 1815 5158 signanter.
