4392 6850
1521 946 1662 1013 462
2242 954 2649 1009 coMEN‘ruu
2699 953 3138 1010 Punononu

1516 1104 1611 1177 ita
1665 1102 1958 1196 loquela
2008 1100 2171 1175 eius
2221 1107 2639 1174 excesserat
2687 1118 2912 1173 omne
2971 1098 3387 1172 humanum
3439 1097 3854 1192 eloquium3

1514 1223 1679 1297 ideo
1730 1221 2060 1318 putabat,
2112 1219 2310 1313 quod
2363 1220 2674 1313 loquens
2725 1238 2872 1293 non
2924 1224 3115 1293 esset
3177 1216 3476 1312 spiritus
3523 1215 3857 1311 hominis,

1516 1343 1642 1418 sed
1691 1342 2021 1439 angelus3
2075 1341 2241 1416 ideo
2290 1340 2480 1415 bene
2529 1339 2742 1415 dicit:
2795 1342 2914 1412 che
2963 1340 3110 1412 mai
3151 1358 3298 1411 non
3335 1359 3550 1430 posa,
3599 1360 3676 1411 se
3724 1358 3858 1411 non

1516 1466 1582 1537 si
1613 1468 2015 1556 raffronta,
2050 1461 2256 1555 idest,
2303 1460 2438 1533 nisi
2491 1464 2909 1534 revertatur
2950 1458 3044 1533 ad
3096 1458 3397 1552 coelum,
3434 1457 3630 1533 unde
3671 1458 3859 1532 venit

1518 1583 1611 1658 ad
1638 1582 2059 1657 'videndum
2113 1586 2457 1655 naturam
2510 1580 2919 1677 angelicam
2952 1579 3046 1654 de
3085 1579 3326 1653 fronte
3367 1578 3459 1653 ad
3511 1578 3856 1652 frontem:

1522 1712 1597 1779 et
1644 1724 1914 1779 verum
1966 1701 2159 1797 dicit,
2215 1702 2389 1795 quia
2425 1696 2672 1774 omnia
2708 1699 3142 1774 naturaliter
3171 1691 3244 1792 (¹)
3285 1692 3629 1793 repetunt
3667 1698 3857 1794 prin-

1520 1824 1794 1920 cipium
1822 1844 2069 1917 suum,
2090 1822 2279 1896 sicut
2304 1820 2639 1896 videmus
2665 1818 2863 1913 quod
2894 1840 3162 1915 corpus
3196 1820 3607 1893 humanum
3645 1838 3858 1891 num-

1522 1961 1748 2037 quam
1822 1940 2131 2037 quiescit
2188 1940 2422 2015 donec
2491 1946 2914 2015 revertatur
2977 1938 3070 2013 ad
3137 1944 3440 2033 terram,
3491 1944 3565 2012 et
3617 1936 3856 2011 anima

1522 2061 1895 2137 rationalis
1932 2080 2343 2154 numquam
2379 2058 2688 2153 quiescit
2713 2059 2948 2133 donec
2984 2064 3402 2133 revertatur
3435 2056 3528 2131 ad
3563 2058 3852 2132 coelum.

1522 2183 1718 2280 Ergo
1779 2182 1971 2255 bene
2028 2180 2368 2254 voluntas
2431 2179 2772 2273 hominis„
2825 2198 2996 2274 quae
3046 2178 3281 2252 fertur
3349 2178 3419 2252 in
3485 2198 3856 2253 summum

1520 2304 1827 2397 bonum,
1862 2320 2280 2394 numquam
2325 2300 2701 2393 quietatur
2751 2298 2886 2373 nisi
2931 2300 3234 2375 demum
3269 2299 3390 2373 illo
3426 2300 3744 2374 invento.
3779 2300 3859 2374 Et

1526 2422 1772 2497 subdit
1830 2419 2028 2515 quod
2087 2419 2364 2494 frustra
2431 2420 2758 2493 tentabat
2817 2438 3266 2516 cognoscere
3325 2420 3670 2515 angelum
3736 2440 3858 2515 per

1527 2542 2151 2635 comparationem
2207 2539 2534 2614 eiusdem
2589 2538 2780 2634 solis,
2828 2539 3002 2633 quia
3053 2540 3242 2614 sicut
3289 2540 3550 2613 oculus
3596 2540 3858 2613 huma-

1526 2682 1667 2736 nus
1718 2681 1864 2736 non
1917 2666 2153 2755 potest
2203 2659 2572 2754 respicere
2621 2660 2872 2735 lumen
2925 2660 3085 2735 eius
3135 2666 3433 2755 propter
3481 2658 3858 2733 infirmita-

1526 2789 1677 2858 tem
1732 2803 1945 2857 suam
1998 2789 2073 2857 et
2129 2779 2636 2856 excellentiam
2674 2779 2970 2854 luminis
3008 2780 3220 2876 illius,
3263 2780 3362 2855 ita
3402 2800 3600 2853 nunc
3631 2780 3857 2853 multo

1530 2904 1776 2977 minus
1827 2902 2086 2977 oculus
2137 2902 2298 2976 eius
2328 2908 2618 2996 poterat
2648 2902 2998 2998 angelum
3035 2900 3325 2976 intueri.
3367 2900 3572 2975 Unde
3611 2900 3854 2975 ordina

1526 3023 1629 3097 sic
1678 3022 2003 3098 literam:
2060 3042 2177 3095 ma
2215 3025 2290 3096 la
2333 3025 2478 3094 mia
2519 3016 2728 3113 virli),
2781 3021 3073 3115 scilicet,
3127 3022 3377 3115 visiva‚
3429 3024 3620 3115 quivi
3665 3042 3860 3094 man—

1525 3164 1731 3237 οαυα,
1784 3142 2077 3236 scilicet,
2130 3142 2204 3215 in
2257 3140 2707 3237 respiciendo
2753 3140 3103 3236 angelum
3157 3140 3283 3234 qui
3321 3140 3604 3215 celabat
3637 3162 3718 3215 se
3758 3141 3860 3213 ni-

1533 3264 1682 3337 mio
1732 3264 2012 3337 lumine
2062 3282 2222 3356 suo,
2257 3254 2399 3336 cosi
2431 3282 2623 3335 come
2671 3264 2750 3333 al
2793 3263 2924 3351 sol,
2976 3261 3256 3361 supple,
3297 3260 3702 3356 deficiebat,
3749 3264 3861 3336 che

1526 3390 1779 3458 nostra
1826 3386 2006 3458 vista
2055 3403 2317 3476 yrava,
2369 3383 2574 3476 idest,
2610 3380 2962 3456 visionem
3015 3380 3328 3456 hominis
3378 3388 3675 3477 propter
3726 3381 3862 3458 dis-

1527 3505 2075 3600 proportionem
2112 3503 2404 3578 virtutis
2449 3501 2542 3577 ad
2575 3501 2972 3596 obiectum,
3007 3524 3045 3574 e
3075 3521 3215 3593 per
3241 3504 3622 3599 cover-chio,
3667 3502 3862 3598 idest,

1528 3631 1823 3722 propter
1874 3619 2380 3700 excellentiam
2433 3622 2753 3716 luminis,
2795 3643 2929 3696 sua
2971 3624 3213 3715 figura
3261 3623 3440 3714 vela,
3499 3614 3856 3716 scilicet(²)

1528 3745 1758 3820 nobis,
1786 3785 1885 3800 —
1920 3748 2167 3834 (mesti.
2223 3743 2350 3817 Hic
2403 3749 2619 3838 poeta
2668 3741 2980 3816 ostendit
3020 3741 3337 3836 qualiter
3367 3741 3710 3837 Virgilius
3759 3741 3862 3815 vi-

1526 3865 1707 3941 dens
1756 3865 1953 3960 quod
2006 3865 2159 3959 ipse
2209 3863 2283 3937 in
2319 3883 2596 3936 vanum
2631 3861 3040 3962 conabatur
3079 3879 3527 3958 cognoscere
3561 3860 3861 3955 loquen-

1528 3993 1679 4062 tem
1732 3982 2220 4058 manifestavit
2269 3983 2509 4078 ipsum
2563 3981 2718 4076 sibi,
2771 4001 2944 4055 nam
2998 3980 3340 4077 Virgilius
3383 4000 3530 4056 non
3581 3980 3865 4057 videbat

1532 4109 1752 4182 oculo
1801 4105 2188 4200 corporali,
2251 4103 2415 4178 ideo
2484 4101 2772 4176 acutius
2835 4107 2910 4175 et
2969 4099 3378 4196 perfectius·
3445 4101 3627 4176 Dicit
3695 4121 3866 4198 ergo

1529 4226 1911 4324 Virgilius:
1974 4227 2206 4314 Questt'
2251 4221 2294 4298 e*
2337 4225 2576 4298 divino
2623 4225 2894 4316 spirito,
2947 4221 3241 4315 scilicet,
3293 4221 3690 4318 angelicuS,
3740 4223 3864 4298 be·

1532 4348 1937 4423 nefactivus
1963 4337 2068 4441 (⁸),
2118 4346 2240 4419 che
2271 4365 2358 4418 ne
2391 4347 2651 4418 drizza
2690 4363 2778 4416 ne
2811 4337 2892 4416 la'
2919 4345 3037 4416 via
3069 4345 3139 4416 α’
3165 4345 3407 4416 undar
3453 4363 3562 4434 su,
3613 4342 3707 4416 ad
3756 4343 3862 4417 al-

1532 4468 1796 4544 tiorem
1847 4466 2189 4564 gradum,
2243 4471 2326 4538 ut
2377 4464 2480 4539 sic
2531 4464 2825 4538 tandem
2870 4463 3258 4559 pervenias
3309 4462 3386 4536 in
3435 4461 3745 4558 patriam
3795 4468 3863 4538 et

1530 4591 1911 4685 regionem
1972 4587 2436 4684 angelorum,
2493 4605 2710 4658 senza
2761 4605 3020 4677 preyo,
3094 4583 3268 4677 quia
3327 4602 3474 4657 non
3503 4579 3510 4590 '
3535 4588 3864 4679 expectat

1530 4709 1827 4805 rogari‚·
1853 4728 1890 4780 c
1938 4708 2052 4779 col
2093 4725 2222 4778 suo
2273 4708 2453 4780 lame
2468 4723 2479 4736 ·
2497 4727 2574 4778 se
2621 4707 2969 4778 medesmo
3017 4705 3194 4796 cela,
3227 4709 3302 4778 et
3343 4704 3506 4777 haec'
3533 4709 3648 4778 est
3687 4702 3864 4777 ratio

1528 4847 1765 4924 quare
1816 4848 1963 4902 non
2012 4831 2222 4922 potes
2271 4825 2544 4901 videre·
2575 4845 2775 4900 eum.
2811 4825 2898 4898 Et
2939 4822 3252 4898 ostendit
3301 4843 3557 4898 veram
3609 4823 3864 4898 carita-

1658 5015 1713 5077 (¹)
1748 5018 1855 5074 11⁷.
1888 5014 2159 5064 naturalia.
2660 5009 2716 5076 (³)
2749 5013 2810 5064 E.
2846 4991 2994 5075 idat,
3027 5012 3163 5064 cem
3192 5012 3358 5064 nous.

1656 5091 1710 5154 (²)
1744 5093 1805 5142 E.
1836 5105 1867 5142 e
1902 5094 2010 5153 11⁷,
2042 5091 2410 5154 bencfacuvus,
2443 5091 2755 5143 caritativus.
