4392 6850
1478 946 1620 1014 506
2038 972 2043 977 ·
2192 954 2604 1011 commum
2653 952 3090 1010 ruam-romi

1470 1122 1639 1178 nem
1694 1102 1882 1196 vitae,
1934 1106 2008 1176 et
2056 1100 2397 1177 subiicias
2447 1102 2600 1197 ipsa
2652 1099 2958 1196 pedibus
3005 1097 3150 1171 tuis
3210 1104 3592 1192 tamquam
3644 1098 3815 1173 vilia

1468 1229 1542 1299 et
1594 1244 1844 1319 parva,
1897 1229 1973 1297 et
2022 1221 2228 1318 erige
2279 1220 2854 1318 speculationem
2909 1219 3304 1293 mentalem
3353 1217 3448 1292 ad
3511 1219 3811 1311 cossum,

1468 1342 1672 1437 quod
1720 1348 1829 1418 est
1879 1348 2244 1417 aeternum
2293 1348 2368 1417 et
2419 1341 2878 1433 immortale3
2921 1338 3086 1413 ideo
3137 1338 3545 1413 intellectus
3595 1337 3816 1413 debet

1472 1474 1825 1558 quaerere·
1864 1464 2123 1559 ipsum.
2153 1504 2254 1517 -
2285 1464 2520 1553 Quale.
2562 1462 2692 1537 Hic
2733 1467 2946 1557 poeta
2980 1458 3292 1534 ostendit
3327 1480 3458 1554 per
3501 1458 3814 1534 nobilem

1474 1584 2103 1679 comparationem
2155 1582 2531 1678 quomodo
2593 1580 2836 1657 statim
2897 1600 2979 1654 se
3041 1578 3390 1674 disposuit
3449 1578 3664 1654 avide
3724 1578 3818 1653 ad

1474 1711 1928 1802 praeceptum
1982 1704 2277 1801 Virgilii.
2345 1703 2529 1778 Dicit
2580 1723 2798 1798 ergo:
2855 1704 2935 1773 Io
2995 1703 3095 1775 mi
3141 1702 3279 1794 feci
3335 1702 3470 1774 tale
3521 1701 3723 1791 quale
3769 1702 3824 1772 il

1462 1828 1713 1921 'falcon
1762 1826 1884 1897 che
1919 1828 2167 1917 prima
2219 1828 2296 1898 ai
2337 1816 2456 1916 pit?
2503 1844 2580 1896 se
2642 1825 2856 1913 mira,
2904 1823 3057 1895 indi
3101 1823 3164 1894 si
3213 1824 3412 1912 volae
3461 1823 3539 1893 al
3581 1822 3816 1911 9r1'do,

1478 1945 1775 2039 scilicet,
1828 1942 2227 2038 salconerii,
2275 1964 2314 2016 e
2362 1946 2427 2017 si
2461 1945 2830 2036 protende,
2897 1940 3104 2036 idest,
3157 1940 3480 2016 extendit
3539 1960 3644 2032 se,
3684 1960 3820 2033 per

1477 2069 1547 2139 lo
1596 2068 1776 2140 disio
1826 2066 1943 2139 del
1982 2072 2189 2157 pasto
2240 2066 2360 2136 che
2407 2054 2481 2136 Ιὰ
2527 2066 2583 2136 il
2629 2066 2796 2156 τίνα,
2833 2061 3126 2155 scilicet,
3170 2062 3262 2135 ad
3305 2062 3544 2157 ipsum
3597 2060 3820 2135 falco-

1477 2184 1793 2261 nerium.
1848 2186 1936 2257 Et
1986 2184 2102 2258 hic
2156 2190 2328 2257 nota
2390 2188 2752 2276 quantum
2813 2180 3264 2277 comparatio
3330 2188 3441 2255 est
3497 2180 3812 2276 propria.

1481 2305 1684 2381 Sicut
1732 2304 1930 2379 enim
1984 2304 2172 2378 falco
2224 2304 2316 2377 de
2367 2302 2482 2377 sui
2535 2310 2799 2389 natura
2851 2302 3053 2396 leviS,
3094 2302 3468 2376 animosus
3518 2302 3716 2375 volat
3747 2300 3821 2374 in

1478 2426 1715 2500 altum
1768 2444 1901 2519 per
1953 2430 2151 2499 rotas
2203 2422 2474 2497 multas
2525 2443 2854 2519 magnaS,
2905 2422 3004 2497 ita
3058 2428 3272 2518 poeta
3321 2428 3570 2497 noster
3621 2423 3824 2497 vola-

1480 2545 1607 2619 bat
1656 2544 1789 2619 alis
1840 2540 2105 2641 ingenii
2158 2543 2290 2639 per
2343 2543 2612 2617 multos
2646 2548 2720 2617 et
2759 2563 3070 2638 magnos
3101 2542 3416 2618 circulos
3449 2542 3575 2617 alti
3613 2563 3827 2616 mon-

1484 2665 1595 2737 tis,
1654 2664 1739 2739 Et
1790 2665 1977 2739 sicut
2025 2664 2211 2739 falco
2260 2664 2464 2759 prius
2517 2663 2804 2759 respicit
2854 2663 2989 2738 sibi
3036 2663 3129 2737 ad
3179 2662 3422 2759 pedeS,
3477 2663 3574 2737 ita
3631 2683 3826 2738 nunc

1490 2786 1799 2861 faciebat
1850 2785 2002 2881 ipse
2054 2792 2308 2880 poeta3
2343 2792 2419 2859 et
2451 2784 2640 2860 sicut
2671 2784 2858 2860 falco
2892 2786 3144 2859 levans
3193 2791 3413 2880 caput
3455 2804 3536 2859 se
3568 2792 3824 2859 exten-

1483 2904 1588 2981 dit
1636 2905 1979 2981 aviditate
2030 2924 2240 2999 escae,
2293 2925 2463 3000 quae
2514 2906 2734 2983 trahit
2791 2924 2990 2998 eum,
3045 2906 3142 2979 ita
3202 2916 3416 3001 poeta
3447 2899 3520 2997 (¹)
3573 2911 3822 2980 noster

1440 3098 1450 3107 ..
1484 3026 1775 3124 erigens
1826 3032 2047 3121 caput
2096 3025 2422 3101 extendit
2473 3047 2552 3101 se
2593 3046 2722 3121 spe
2754 3026 2918 3101 coeli
2953 3026 3046 3101 ad
3079 3028 3483 3101 clamorem
3521 3025 3817 3122 Virgilii,

1488 3148 1639 3243 qui,
1691 3147 1877 3221 sicut
1928 3146 2185 3220 nobilis
2237 3146 2696 3241 salconeriuS‚
2747 3146 3063 3222 ducebat
3126 3168 3304 3222 eum
3355 3148 3446 3221 ad
3498 3147 3826 3222 venatio-

1488 3287 1684 3342 nem.
1738 3268 1823 3341 Et
1876 3266 2243 3341 concludit
2279 3268 2650 3362 quomodo
2689 3267 3036 3363 ascendit,
3070 3268 3351 3342 dicens:
3391 3274 3454 3341 E
3485 3271 3606 3361 tal,
3643 3290 3826 3362 qua-

1486 3388 1575 3462 lis
1626 3388 1836 3484 falco,
1888 3391 1960 3461 η’
1986 3390 2210 3462 andan·
2257 3395 2518 3481 quanto
2567 3390 2640 3462 la
2687 3390 2955 3481 νοσσία,
3006 3388 3208 3483 idest,
3263 3389 3438 3484 ripa,
3491 3392 3556 3462 si
3595 3390 3825 3484 fende,

1490 3508 1693 3604 idest,
1750 3516 2111 3604 quantum
2164 3511 2357 3584 scala
2409 3510 2628 3584 durat
2679 3531 2811 3605 per
2855 3517 3116 3604 totum,
3153 3533 3284 3602 per
3318 3514 3459 3584 dar
3495 3513 3608 3584 via
3641 3533 3691 3584 α
3721 3514 3829 3584 cla·

1488 3651 1582 3702 va
1630 3649 1793 3703 suso
1842 3632 2053 3722 infime
2102 3651 2230 3704 ove
2267 3632 2321 3705 'l
2365 3632 2681 3704 cerchiar
2736 3633 2802 3704 si
2850 3632 3144 3722 prende,
3194 3630 3398 3725 idest,
3451 3651 3688 3725 usque
3737 3632 3829 3706 ad

1487 3749 1871 3823 introitum
1923 3749 2154 3844 quinti
2210 3750 2486 3842 circuli,
2541 3749 2666 3824 ubi
2725 3749 3124 3826 ascendens
3185 3750 3427 3848 incipit
3489 3750 3824 3845 circuire,

1488 3867 1676 3956 sicut
1726 3867 1803 3942 fit
1856 3869 1927 3942 in
1978 3871 2322 3945 omnibus
2357 3871 2513 3946 aliis
2551 3871 2954 3969 gironibus,
3007 3871 3181 3965 quia
3232 3872 3423 3946 scala
3475 3877 3586 3946 est
3635 3893 3829 3947 sem—

1486 4009 1625 4084 ρει·
1672 3995 1899 4083 recta,
1942 3989 2069 4064 sed
2120 3990 2236 4066 via
2279 4011 2450 4086 quae
2481 3991 2888 4087 appellatur
2923 3990 3174 4066 cornix
3213 3999 3323 4065 est
3361 4011 3653 4086 semper
3685 3991 3830 4067 cir-

1489 4109 1783 4184 cularis.

1646 4233 1835 4303 Com’
1858 4233 1949 4303 io,
2004 4232 2143 4305 Ista
2194 4238 2306 4305 est
2357 4231 2570 4305 tertia
2628 4253 2799 4326 pars
2857 4231 3242 4328 generaliS‚
3299 4231 3370 4306 in
3421 4253 3568 4326 qua
3619 4238 3830 4327 poeta

1494 4348 1839 4424 describit
1888 4350 2340 4446 punitionem
2396 4358 2472 4425 et
2519 4351 3031 4448 purgationem
3095 4371 3494 4425 avarorum
3559 4352 3630 4424 in
3682 4373 3831 4425 uno

1492 4469 1748 4565 spiritu
1804 4470 2160 4544 moderno
2211 4469 2664 4546 avarissimo.
2727 4471 2815 4544 Et
2864 4478 2949 4545 ut
3007 4469 3216 4546 litera
3281 4471 3408 4546 fiat
3465 4473 3662 4546 clara
3721 4478 3829 4546 est

1491 4589 1921 4684 notandum,
1976 4589 2173 4685 quod
2227 4599 2441 4687 poeta
2493 4591 3014 4687 perfectissime
3060 4598 3328 4687 purgat
3379 4591 3494 4666 hic
3542 4613 3829 4668 avaros

1488 4708 1728 4805 Fingit
1778 4710 1971 4812 eni-m
2026 4711 2227 4806 quod
2277 4731 2534 4787 omnes
2585 4717 2776 4785 stant
2812 4712 3180 4806 plorantes
3223 4712 3618 4806 resupinati
3657 4733 3829 4787 cum

1498 4829 1681 4906 facie
1730 4831 1823 4905 ad
1875 4839 2178 4928 terram,
2231 4839 2304 4908 et
2352 4839 2564 4929 tergo
2616 4838 2870 4908 contra
2923 4833 3219 4926 coelum,
3271 4853 3444 4906 cum
3497 4832 3831 4907 manibus

1624 5094 1678 5156 (¹)
1710 5093 1772 5144 E.
1804 5099 1957 5157 poeta
1987 5109 2126 5146 nunc
2156 5096 2376 5160 erigens.
