4392 6850
1447 1023 1454 1032 .
1475 961 1617 1028 418
2191 971 2600 1026 couENTmu
2648 969 3087 1025 runeuonu

1471 1123 1546 1193 in
1597 1125 1794 1192 tanta
1839 1138 2162 1212 vuerra5
2227 1116 2417 1191 istud
2480 1116 2755 1192 bellum
2822 1120 2983 1190 erat
3042 1113 3397 1209 injustum
3462 1112 3677 1186 nimis
3710 1107 3810 1206 (¹),

1471 1239 1646 1334 quia
1708 1238 1906 1313 mille
1964 1237 2164 1334 impii
2226 1237 2603 1332 feriebant,
2674 1243 2749 1311 et
2815 1236 3015 1310 solus
3070 1217 3316 1330 justus
3378 1233 3811 1330 sustinebat3

1467 1361 1588 1433 che
1631 1361 2067 1452 per-donasse
2117 1361 2191 1432 ai
2236 1361 2391 1432 suoi
2446 1358 2901 1449 persecutori,
2964 1361 3037 1430 et
3099 1355 3238 1429 hoc
3300 1355 3633 1449 faciebat,
3684 1375 3814 1428 con

1475 1483 1697 1572 quello
1745 1486 2036 1573 aspeth,
2086 1479 2383 1572 scilicet,
2431 1478 2771 1573 benigno,
2822 1479 2943 1549 che
2986 1465 3173 1568 pietd
3222 1478 3567 1566 disset-ra,
3609 1475 3811 1569 idest,

1471 1600 1740 1696 aperit;
1793 1600 1966 1694 quia
2019 1599 2281 1674 maiori
2323 1598 2792 1673 miseratione
2826 1596 3148 1692 indigent
3182 1595 3549 1690 facienteS,
3586 1617 3809 1690 quam

1475 1720 1828 1816 patientes
1863 1718 2230 1793 iniuriam.
2266 1720 2355 1792 Et
2389 1719 2505 1792 hic
2542 1723 2711 1792 nota
2748 1736 2973 1810 quam
3016 1714 3428 1791 mirabilem
3466 1715 3809 1791 effectum

1479 1840 1732 1914 babuit
1783 1840 2233 1915 sanctissima
2284 1839 2542 1932 oratio,
2595 1839 2766 1932 quia
2819 1836 3092 1911 Paulus
3141 1856 3543 1911 conversus
3580 1845 3693 1911 aet
3724 1838 3811 1911 ad

1481 1961 1695 2037 fidem
1750 1961 2088 2057 precibus
2138 1959 2503 2054 Stephani,
2541 1959 2667 2054 qui
2718 1957 2855 2032 suit
2899 1963 3146 2032 tantus
3180 1957 3380 2053 pugil
3416 1957 3579 2032 fidei
3618 1957 3813 2032 chri-

1481 2082 1756 2178 stianae,
1809 2090 1883 2158 et
1933 2089 2083 2156 tam
2134 2080 2460 2176 probiter
2500 2099 2675 2154 cum
2717 2099 2893 2154 ense
2926 2077 3327 2153 defensavit
3358 2097 3525 2152 eam
3560 2083 3817 2154 contra

1481 2205 1747 2278 hostes,

1638 2327 1956 2413 Quando
2009 2325 2146 2399 Ista
2200 2329 2308 2396 est
2360 2328 2625 2414 quarta
2675 2326 2750 2394 et
2804 2318 3057 2393 ultima
3108 2338 3277 2414 pars
3324 2319 3711 2414 generalis,
3746 2318 3818 2391 in

1485 2466 1631 2540 qua
1683 2451 1898 2540 poeta
1935 2450 2183 2518 noster
2216 2440 2559 2516 describit
2590 2439 3263 2535 interpretationem
3302 2459 3459 2512 suae
3492 2438 3818 2532 visionis;

1488 2573 1563 2640 et
1595 2564 1833 2660 primo
1869 2563 2178 2638 ostendit
2217 2561 2534 2655 qualiter
2568 2561 2719 2655 ipse
2752 2559 3111 2634 excitatus
3149 2559 3573 2655 recognovit
3606 2579 3815 2632 suam

1487 2706 1741 2761 veram
1797 2684 2173 2758 visionem.
2228 2681 2413 2757 Dicit
2462 2701 2675 2777 ergo:
2736 2673 3033 2768 Quando
3084 2681 3382 2752 ramma
3430 2683 3598 2772 mia,
3652 2701 3819 2773 quae

1487 2807 1691 2904 prius
1741 2813 1901 2882 erat
1959 2810 2108 2879 tota
2173 2803 2477 2878 collecta
2526 2801 2846 2875 interius
2913 2812 2987 2876 et
3049 2801 3436 2893 abstracta,
3490 2793 3695 2873 torno
3753 2803 3828 2874 di

1485 2929 1682 3022 [αονί
1729 2928 1865 2998 alle
1913 2945 2068 2998 cose
2119 2925 2240 2996 che
2287 2944 2419 2996 son
2464 2927 2635 3017 fuor
2683 2923 2759 2995 di
2806 2923 2895 2994 lei
2942 2941 3128 3011 vere,
3197 2919 3407 3013 quasi
3466 2919 3683 3014 dicat,
3733 2913 3823 2994 ad

1491 3044 1875 3139 sensibilia,
1939 3044 2108 3138 quia
2177 3043 2379 3138 prius
2429 3040 2713 3116 viderat
2762 3040 3217 3135 imaginaria,
3268 3043 3339 3112 io
3376 3041 3759 3113 ‘riconobbi
3802 3044 3829 3112 i

1493 3170 1654 3241 miei
1697 3186 1843 3238 non
1889 3166 2058 3259 sab-i
2107 3166 2364 3236 errori.
2410 3142 2551 3236 Ista
2587 3161 2796 3235 litera
2838 3160 3133 3234 videtur
3182 3160 3430 3234 multis
3478 3161 3827 3253 obscura;

1493 3289 1618 3364 sed
1670 3293 1883 3383 poeta
1937 3286 2093 3359 vult
2143 3283 2667 3358 sententialiter
2718 3280 2987 3374 dicere,
3024 3279 3219 3374 quod
3262 3281 3425 3355 licet
3462 3301 3607 3355 non
3642 3286 3828 3355 esset

1492 3431 1761 3487 verum
1811 3428 1986 3483 eum
2040 3405 2144 3482 sic
2193 3404 2445 3480 videre
2494 3403 2616 3478 illa
2667 3410 2889 3498 prout
2938 3401 3069 3476 sibi
3124 3402 3509 3477 videbatur
3560 3403 3828 3499 videre,

1495 3528 1964 3603 nihilominus
2016 3546 2279 3601 verum
2332 3530 2492 3600 erat
2542 3544 2631 3598 ea
2681 3523 2903 3597 fuisse
2952 3523 3052 3597 ita
3104 3542 3305 3617 vera,
3355 3523 3541 3597 sicut
3594 3524 3827 3598 visum

1495 3649 1738 3722 suerat
1787 3646 1920 3721 sibi
1972 3646 2224 3721 videre
2276 3646 2347 3718 in
2398 3645 2517 3718 illa
2568 3642 2846 3717 visione
2894 3644 3232 3717 extatica.
3276 3644 3447 3717 Vult
3497 3664 3680 3740 ergo
3728 3644 3835 3718 di-

1495 3788 1706 3843 cere:
1761 3767 2154 3865 recognovi
2209 3786 2465 3841 veram
2520 3763 2871 3837 visionem
2916 3782 3159 3837 meam
3198 3763 3436 3836 statim
3473 3784 3643 3838 cum
3682 3765 3835 3839 evi-

1497 3888 1739 3986 gilavi.
1770 3928 1868 3941 —-
1893 3892 1992 3961 Lo
2041 3890 2244 3960 duca.
2300 3885 2429 3959 Hic
2477 3890 2692 3979 poeta
2744 3881 2971 3979 fingit,
3018 3883 3213 3977 quod
3264 3905 3438 3958 cum
3488 3892 3649 3979 post
3682 3886 3837 3960 evi-

1499 4008 1922 4106 gilationem
1975 4009 2112 4081 iret
2161 4006 2403 4080 adhuc
2453 4004 2661 4098 quasi
2712 4004 3217 4078 somnolentus
3266 4009 3343 4078 et
3401 4002 3833 4100 vinolentuS,

1501 4128 1842 4226 Virgilius
1891 4127 2345 4223 inquisiverit
2394 4125 2487 4199 de
2536 4145 2758 4199 causa
2812 4124 2971 4198 talis
3004 4124 3361 4218 incessus3
3408 4125 3601 4199 unde
3632 4124 3833 4201 dicit:

1504 4255 1602 4323 Lo
1653 4251 1835 4323 duca
1885 4252 2049 4339 mio,
2101 4246 2369 4321 scilicet
2430 4244 2796 4340 VirgiliuS,
2845 4246 2965 4317 che
3024 4247 3121 4316 mi
3166 4252 3381 4336 polea
3440 4248 3712 4337 vedere,
3764 4254 3835 4321 et

1502 4370 1819 4463 videbat,
1845 4371 1972 4462 sar
2019 4361 2080 4440 si
2117 4370 2293 4439 com'
2316 4386 2479 4439 uom
2519 4368 2639 4438 clue
2672 4368 2771 4439 da
2802 4386 3028 4439 sonno
3058 4367 3123 4437 si
3158 4368 3381 4457 slepa,
3435 4365 3637 4461 idest,
3690 4366 3838 4441 dis-

1505 4491 1810 4565 solvitur
1861 4495 1936 4563 et
1985 4488 2348 4563 excitatur
2398 4506 2637 4583 nuper
2684 4507 2729 4562 a
2782 4506 3065 4580 somno,
3118 4489 3335 4560 disse:
3382 4490 3503 4561 che
3550 4490 3673 4563 1ιαί
3726 4492 3840 4563 che

1505 4631 1650 4682 non
1682 4612 1734 4683 ti
1753 4611 1930 4702 puoi
1976 4613 2257 4681 tenere?
2292 4606 2503 4681 Aliud
2535 4605 2950 4703 cogitamen
2988 4612 3245 4681 natum
3282 4628 3374 4682 ex
3410 4607 3529 4682 illa
3569 4610 3840 4685 visione

1506 4735 1744 4803 totum
1782 4728 2354 4803 conturbaverat
2392 4732 2684 4821 poetam
2724 4731 2800 4799 et
2844 4726 3131 4819 merito,
3162 4733 3244 4800 ut
3278 4727 3518 4801 statim
3555 4728 3837 4823 audien

1507 4830 1677 4924 dicit
1727 4869 1943 4946 ergo:
1995 4869 2116 4921 ma
2162 4850 2257 4921 se'
2282 4854 2529 4921 venato
2572 4840 2697 4939 piie
2745 4849 2864 4919 che
2912 4867 3161 4919 mezzo
3212 4850 3395 4939 leya,
3448 4848 3656 4945 idest,
3715 4869 3841 4945 per

1637 5114 1692 5176 (¹)
1721 5114 1785 5165 E.
1817 5116 1993 5178 nimis:
2025 5116 2172 5167 mille
2204 5117 2343 5166 enim
2375 5116 2538 5179 impii.
