4392 6850
1386 809 1665 865 camus
1714 808 2123 867 vlumus.
2787 795 2930 863 521

584 953 913 1029 omnium
966 954 1364 1029 malorum.
1388 996 1489 1011 —
1514 958 1671 1031 Νοί.
1714 956 1929 1031 Nunc
1958 961 2175 1051 poeta
2221 954 2570 1029 damnata
2621 953 2932 1031 avaritia

586 1072 887 1150 intendit
928 1074 1453 1151 commendare
1487 1075 1979 1153 voluntariam
2016 1080 2532 1170 paupertatem
2581 1082 2658 1149 et
2705 1074 2934 1172 largi-

589 1200 809 1269 tatem
872 1194 1117 1267 simul.
1166 1195 1256 1269 Et
1322 1194 1563 1290 primo
1620 1195 1853 1292 tangit
1910 1216 2125 1271 suam
2195 1194 2674 1272 attentionem
2725 1193 2932 1269 circa

586 1314 749 1405 hoc,
800 1312 1085 1388 dicens:
1140 1317 1281 1387 Nm'
1338 1318 1701 1389 mavum
1764 1319 1875 1389 coi
1926 1318 2129 1409 passi
2190 1318 2356 1389 lenti
2403 1337 2444 1388 e
2489 1316 2744 1407 acar-vi,
2795 1335 2930 1410 per

586 1432 783 1509 illam
842 1433 1041 1509 viam
1097 1441 1513 1531 angustam,
1572 1435 1787 1511 cuius
1844 1434 2302 1511 contrarium
2371 1434 2686 1511 faciebat
2743 1435 2822 1509 in
2847 1428 2926 1527 (¹)

587 1554 865 1629 circulo
895 1554 1363 1651 praecedenti,
1390 1554 1559 1649 quia
1592 1554 1933 1630 accidiosi
1970 1561 2143 1629 sunt
2184 1554 2260 1629 in
2293 1554 2643 1629 continuo
2675 1574 2930 1648 cursu,

586 1673 793 1749 avari
842 1694 1025 1751 vero
1076 1694 1227 1749 non
1276 1682 1712 1771 moventur-3
1758 1682 1827 1749 et
1869 1678 1943 1749 io
1990 1682 2250 1749 attento
2313 1678 2432 1748 al!
2451 1676 2692 1749 ombre
2737 1678 2840 1749 cle’
2857 1678 2930 1749 io

584 1798 809 1868 sentia
849 1798 1341 1888 pietosamente
1382 1799 1723 1888 pianum-e
1769 1817 1812 1870 e
1857 1799 2212 1888 tamar-ri,
2273 1795 2402 1869 ubi
2467 1796 2688 1891 impie
2737 1799 2930 1871 sole-

586 1914 763 1989 bant
810 1916 887 1989 in
936 1916 1085 1991 vita
1134 1917 1431 2011 plorare
1476 1924 1553 1992 et
1598 1916 1979 2011 conqueri,
2032 1916 2235 2010 quod
2283 1936 2552 2011 parum
2598 1918 2717 1992 vel
2756 1916 2932 1991 nibil

588 2034 973 2111 habebant.
1024 2036 1115 2125 Et
1162 2036 1409 2112 subdit
1457 2036 1633 2132 quid
1686 2037 2025 2113 dicebant
2073 2037 2149 2111 in
2201 2036 2522 2132 planctu,
2575 2037 2748 2130 quia
2799 2036 2932 2113 de-

586 2156 977 2231 cantabant
1018 2163 1345 2232 sanctam
1379 2163 1889 2253 paupertatem
1926 2156 2206 2251 Mariae3
2244 2156 2440 2231 unde
2473 2156 2681 2232 dicit:
2731 2179 2770 2229 e
2795 2178 2934 2250 per

588 2284 883 2351 ventum
914 2280 1389 2353 udfclaiamar
1419 2281 1539 2353 nel
1556 2281 1807 2372 piamo
1840 2280 2137 2355 dinanzi
2168 2298 2218 2349 a
2249 2280 2408 2351 noi:
2430 2279 2626 2351 dolce
2658 2281 2928 2353 Maria.

587 2397 719 2472 Hic
767 2398 895 2492 qui
944 2399 1311 2475 clamabat
1360 2404 1524 2475 erat
1572 2398 1869 2495 spiritus
1899 2399 2228 2495 Bugonis
2269 2398 2638 2493 Ciapettae,
2677 2406 2760 2473 ut
2791 2420 2928 2493 pa-

588 2516 765 2591 tebit
816 2518 1034 2612 paulo
1084 2526 1271 2615 post,
1310 2540 1357 2595 a
1406 2518 1647 2613 simili,
1680 2511 1825 2593 cosi
1870 2540 2063 2593 come
2096 2523 2181 2614 sa
2221 2520 2462 2593 donna
2497 2520 2617 2591 che
2640 2520 2714 2591 'n
2745 2538 2930 2612 par·-

588 2642 769 2712 ton'r
815 2642 947 2713 sia.
984 2638 1073 2713 Et
1105 2641 1224 2715 bic
1262 2646 1433 2715 nota
1466 2646 1831 2735 quantum
1864 2639 2318 2735 comparatio
2352 2645 2463 2714 est
2499 2639 2792 2734 propria
2807 2629 2928 2731 (²):

586 2758 757 2835 licet
804 2760 1001 2835 enim
1054 2760 1324 2836 mulier
1372 2780 1739 2856 puerpera
1778 2760 1872 2834 sit
1922 2761 1995 2833 in
2051 2759 2374 2834 maxima
2409 2778 2778 2855 pressura,
2813 2765 2928 2834 ta·-

586 2900 761 2955 men
810 2900 985 2956 cum
1032 2881 1309 2978 gaudio
1355 2886 1693 2977 expectat
1724 2880 2139 2975 exonerari,
2174 2888 2250 2955 et
2284 2879 2560 2955 habere
2599 2880 2928 2955 fructum

588 3020 997 3096 magnum3
1048 3002 1147 3077 ita
1196 3002 1441 3076 anima
1498 3021 1727 3075 avara
1778 3000 1945 3076 licet
2004 3001 2096 3075 sit
2152 3000 2272 3075 hic
2327 3000 2402 3073 in
2467 3000 2930 3075 amarissima

586 3140 829 3216 poena,
880 3128 1133 3197 tamen
1182 3126 1517 3216 expectat
1565 3141 1743 3195 cum
1805 3127 2009 3196 certa
2056 3140 2185 3217 spe
2235 3119 2562 3195 alleviari
2613 3124 2689 3195 et
2739 3119 2930 3194 obti-

588 3261 769 3316 nere
818 3240 1141 3316 fructum
1194 3240 1690 3317 beatitudinis:
1738 3241 2007 3315 mulier
2056 3240 2280 3315 etiam
2333 3240 2768 3315 naturaliter
2818 3246 2932 3317 est

586 3381 814 3437 avara
862 3368 939 3437 et
988 3382 1217 3457 prona
1259 3361 1355 3438 ad
1392 3362 1757 3458 lacrymas
1788 3362 1977 3436 sicut
2012 3360 2302 3436 umbrae
2343 3359 2708 3456 istorum3
2751 3382 2790 3435 e
2817 3382 2932 3434 se-

586 3484 859 3574 μαίων,
915 3483 1193 3578 supple,
1255 3482 1527 3576 audivi,
1572 3503 1844 3574 povera
1885 3483 2055 3575 fosci
2114 3488 2334 3574 tamo,
2391 3488 2654 3579 quanto
2721 3483 2932 3554 vader

586 3604 653 3676 a·
689 3597 837 3694 pm)
878 3623 1013 3694 per
1061 3604 1285 3693 quello
1334 3605 1629 3695 ospiziO,
1661 3601 1959 3696 scilicet,
2008 3601 2477 3697 praesepium,
2531 3608 2614 3674 ut
2663 3600 2932 3675 dicitur

590 3722 811 3796 Lucae
858 3721 921 3794 11
960 3721 1303 3817 capitu10,
1334 3725 1511 3796 dove
1557 3725 1861 3815 spontem
1888 3725 1946 3796 2⁶1
1980 3730 2097 3796 tuo
2123 3730 2430 3816 portato⁸
2455 3729 2691 3812 εαηεο,
2733 3720 2930 3815 quia,

586 3863 785 3936 quem
835 3849 1014 3916 totus
1060 3845 1359 3916 nimidas
1404 3863 1653 3935 capere
1700 3863 1845 3916 uon
1884 3849 2170 3935 poterat
2201 3847 2316 3916 tuo
2365 3845 2635 3934 premio
2684 3847 2932 3914 contu-

588 3966 743 4037 k‘su'.
763 3968 1444 4056 -sequentementa
1486 3963 1617 4037 Hic
1660 3968 1881 4057 poeta
1922 3961 2218 4038 adducit
2267 3962 2467 4037 aliud
2502 3961 2928 4056 exemplum

586 4085 851 4160 sobriae
898 4083 1347 4181 paupertatis
1397 4083 1469 4156 in
1520 4083 1683 4157 viro
1723 4103 2032 4179 pagano,
2074 4084 2250 4179 quia
2291 4090 2579 4180 poterat
2619 4082 2784 4178 quis
2817 4081 2932 4157 di·

586 4227 797 4283 cere:
851 4226 999 4280 non
1046 4211 1284 4301 potest
1314 4204 1553 4278 omnis
1588 4205 1813 4278 bomo
1844 4203 1991 4298 pati
2032 4203 2496 4278 incommoda
2531 4209 2928 4299 pauperta-

586 4328 677 4402 tis
725 4328 915 4402 sicut
952 4326 1199 4401 Maria.
1236 4327 1323 4400 Et
1360 4324 1455 4399 ad
1494 4323 2041 4421 intelligentiam
2077 4323 2284 4398 istius
2311 4315 2386 4416 (³)
2425 4322 2658 4399 literae
2695 4324 2934 4399 scien-

586 4447 765 4524 dum
800 4435 904 4542 (⁴),
954 4446 1155 4541 quod
1200 4443 1575 4519 Fabricius
1609 4443 1745 4518 suit
1776 4444 2033 4518 consul
2070 4465 2449 4537 romanuS,
2484 4443 2610 4544 qui
2647 4443 2930 4520 bellum

584 4567 807 4666 gessit
857 4574 1115 4642 contra
1148 4566 1519 4662 Pyrrhum
1554 4584 1833 4660 regem,
1872 4570 1953 4638 ut
1984 4563 2276 4640 dicetur
2307 4563 2400 4638 Vl
2433 4564 2760 4660 capitulo
2791 4565 2934 4640 Pa-

586 4687 843 4764 radisi:
894 4707 1045 4780 quo
1094 4691 1430 4782 tempore
1478 4683 1930 4759 fuit.Curius
1982 4683 2341 4759 valentior
2389 4705 2505 4779 eo,
2557 4690 2634 4760 et
2685 4690 2934 4761 tamen

712 4873 768 4936 (¹)
798 4871 851 4924 S.
882 4871 937 4922 in
966 4870 1065 4922 illo
1094 4870 1311 4922 amulo.
1746 4866 1805 4932 (Ἴ
1838 4873 1946 4931 11⁷,
1982 4869 2163 4933 pulcra
2191 4876 2250 4920 et
2282 4871 2509 4935 propria.

714 4949 771 5011 (⁸)
801 4947 864 5000 E.
896 4948 1069 5000 buius
1751 4945 1805 5007 (⁸)
1841 4951 1953 5007 11⁷,
1981 4951 2063 4998 α
2090 4947 2380 4998 nti-dm
