4392 6850
1501 969 1647 1034 220
2226 979 2635 1034 commun
2682 979 3122 1035 PURGA‘ronu

1489 1125 1809 1221 hospitio
1863 1125 1984 1199 ubi
2042 1124 2505 1219 requiescant
2550 1143 2599 1198 a
2650 1123 3023 1199 laboribus
3072 1125 3247 1220 suis,
3290 1125 3387 1200 ita
3442 1147 3641 1202 nunc
3691 1127 3843 1204 istae

1501 1247 1769 1320 animae
1819 1244 2283 1319 ambulantes
2334 1263 2467 1338 per
2518 1265 2725 1318 mare
2766 1265 3106 1318 amarum
3160 1253 3240 1319 et
3289 1246 3553 1321 vanem
3608 1247 3843 1345 lacry-

1499 1385 1799 1439 marum
1850 1365 2070 1438 buius
2125 1365 2377 1438 mundi
2416 1364 2899 1438 recordantur
2938 1385 3129 1458 sero,
3164 1365 3436 1440 scilicet
3470 1366 3543 1439 in
3580 1373 3840 1463 morte,

1501 1484 1754 1579 patriae
1805 1485 2142 1579 coelestis,
2180 1505 2407 1578 quam
2448 1483 2871 1560 dimiserant
2907 1493 3207 1581 propter
3256 1506 3517 1561 curam
3572 1507 3838 1584 regno-

1504 1627 1672 1680 rum
1740 1605 2283 1700 temporalium,
2342 1612 2429 1678 ut
2487 1605 2589 1680 sic
2652 1607 2943 1680 tandem
3010 1627 3054 1680 a
3119 1606 3494 1682 laboribus
3559 1609 3843 1704 magnis

1503 1725 1987 1818 requiescant.
2025 1765 2124 1779 -
2170 1729 2347 1798 Ella.
2418 1725 2547 1800 Hic
2614 1732 2828 1820 poeta
2898 1725 3237 1801 describit
3302 1727 3837 1822 dispositionem

1499 1845 1775 1922 orantis
1827 1853 1902 1920 et
1931 1901 1939 1909 .
1965 1847 2371 1921 orationem
2427 1847 2609 1939 eiuS,
2660 1846 2954 1922 dicens:
3014 1851 3176 1940 ella,
3228 1848 3519 1944 scilicet,
3570 1850 3839 1946 anima,

1499 1970 1743 2058 yiunse
1791 1989 1829 2039 e
1877 1958 2028 2039 levo
2077 1967 2279 2039 ambe
2326 1970 2390 2041 le
2430 1970 2692 2059 palme,
2742 1966 2947 2060 idest,
3000 1968 3375 2042 coniunxit
3442 1989 3709 2044 manus
3768 1975 3840 2044 et

1502 2087 1771 2162 levavit
1819 2087 1914 2160 ad
1963 2087 2264 2181 coelum,
2306 2089 2629 2179 siccando
2677 2089 2778 2179 qli
2824 2087 3016 2160 occhi
3052 2109 3253 2162 verso
3302 2091 3347 2161 l'
3372 2091 3662 2180 orienoe,
3697 2088 3836 2162 sci-

1499 2207 1668 2282 licet
1714 2207 1967 2282 oculos
2021 2207 2305 2300 mentis,
2344 2227 2513 2280 nam
2552 2214 2849 2281 orantes
2882 2214 3323 2282 convertunt
3354 2227 3437 2282 se
3466 2207 3558 2281 ad
3594 2207 3841 2282 orien-

1499 2335 1675 2421 tem,
1729 2326 1769 2370 *
1795 2329 1992 2402 unde
2051 2328 2379 2403 ecclesiae
2440 2327 3005 2402 christianorum
3080 2336 3249 2402 sunt
3308 2349 3685 2404 conversae
3748 2330 3841 2404 ad

1497 2449 1858 2524 orientem
1885 2448 1924 2490 ’¹‘
1956 2444 2054 2544 (¹),
2093 2455 2462 2546 roganteS,
2497 2457 2581 2523 ut
2614 2448 2719 2523 sol
2736 2449 3048 2552 justitiae
3083 2450 3367 2524 oriatur
3400 2470 3623 2546 super
3662 2470 3834 2545 eos3

1500 2577 1650 2645 tam
1703 2570 1988 2664 devote,
2043 2591 2235 2643 come
2266 2573 2523 2644 dicesse
2554 2591 2604 2642 a
2640 2575 2814 2643 Dio.-
2847 2573 2917 2644 α’
2944 2573 3131 2644 altro
3164 2591 3307 2644 non
3343 2575 3588 2662 calme,
3628 2570 3831 2666 idest,

1501 2711 1646 2766 non
1699 2711 1884 2765 curo
1934 2691 2026 2765 de
2076 2711 2162 2765 re
2220 2689 2383 2785 alia,
2444 2689 2616 2784 quia
2680 2697 2827 2764 tota
2890 2711 3059 2764 mea
3118 2689 3423 2766 intentio
3482 2691 3709 2766 tendit
3766 2691 3833 2764 in

1501 2817 1596 2886 te.
1649 2812 1738 2884 Et
1789 2811 2019 2907 tangit
2068 2811 2505 2903 orationem,
2555 2810 2823 2904 dicenS,
2878 2811 3075 2904 quod
3134 2811 3250 2885 illa
3312 2811 3557 2886 anima
3618 2809 3836 2907 coepit

1499 2951 1676 3008 cum
1745 2951 2038 3006 summa
2095 2931 2483 3006 devotione
2548 2938 2851 3006 cantare
2913 2951 3149 3005 unum
3218 2933 3573 3028 hymnum
3644 2931 3832 3006 beati

1499 3051 1884 3146 Ambrosii,
1937 3051 2063 3146 qui
2113 3057 2458 3126 cantatur
2504 3051 2599 3125 ad
2648 3051 3205 3147 completorium
3252 3059 3507 3126 contra
3560 3051 3832 3126 illusio-

1498 3195 1629 3248 nes
1677 3172 2030 3246 daemonis
2079 3177 2154 3246 et
2185 3162 2260 3263 (²)
2314 3171 2387 3244 in
2440 3171 2875 3266 pollutiones
2924 3171 3182 3246 carnis
3229 3171 3411 3246 Dicit
3460 3171 3697 3246 enim:
3748 3173 3834 3246 Te

1490 3297 1668 3368 lucis
1735 3301 1893 3366 amc
1960 3295 2327 3395 terminum
2394 3297 2616 3365 Deum
2672 3311 3041 3386 precemur
3102 3294 3437 3384 supplices
3498 3299 3575 3364 ut
3632 3295 3832 3366 solita

1493 3417 1851 3490 clementia
1899 3417 1994 3487 sis
2033 3413 2307 3506 proesul
2336 3415 2436 3486 ad
2466 3415 2868 3487 custodiam.
2907 3415 3171 3487 Procul
3202 3414 3534 3487 recedant
3560 3416 3831 3487 somnia

1489 3544 1562 3610 et
1591 3538 1890 3608 noctium
1918 3536 2419 3627 phantasmata
2450 3540 2587 3607 etc.
2624 3531 2743 3609 Sic
2776 3554 2956 3629 ergo
2990 3533 3157 3607 vide
3190 3533 3560 3627 quomodo
3620 3541 3832 3629 poeta

1493 3655 1700 3753 fingit
1747 3656 1924 3730 istos
1985 3674 2257 3730 canere
2320 3656 2541 3729 talem
2606 3654 3013 3730 orationem
3077 3676 3245 3749 quae
3308 3657 3648 3753 congruit
3712 3656 3832 3731 tali

1495 3777 1702 3851 borae
1749 3775 2118 3870 temporis.
2174 3774 2359 3849 Dicit
2406 3794 2588 3871 ergo
2640 3774 2836 3869 quod
2888 3775 3018 3848 ista
3073 3774 3307 3850 oratio
3342 3796 3511 3870 quae
3546 3776 3827 3870 incipit:

1507 3904 1598 3972 Tc
1658 3900 1828 3970 lacis
1889 3903 2051 3969 ante
2119 3898 2487 3969 terminum
2535 3900 2698 3989 etc„
2748 3898 2850 3987 912·
2904 3889 3051 3969 ascl
3110 3899 3186 3969 di
3250 3896 3488 3987 bocca,
3540 3896 3639 3971 illi
3691 3898 3828 3991 spi-

1493 4018 1691 4113 n'tui,
1741 4010 1804 4090 si
1852 4019 2309 4090 divotamcntc
2356 4038 2394 4089 e
2440 4036 2572 4088 con
2618 4008 2679 4089 si
2728 4018 2913 4090 dolce·
2972 4024 3154 4108 note,
3188 4016 3481 4110 scilicet,
3520 4017 3827 4093 melodia

1487 4147 1776 4233 cantus,
1827 4142 1948 4212 che
1989 4142 2136 4232 fece
2183 4158 2293 4211 me
2342 4158 2391 4209 a
2440 4156 2549 4210 me
2604 4142 2793 4210 uscir
2850 4138 2927 4211 di
2992 4146 3211 4211 mente
3237 4164 3266 4229 ‚-
3342 4137 3549 4231 quasi
3618 4137 3827 4230 dicat,

1493 4260 1691 4356 quod
1744 4280 1906 4333 sum
1945 4260 2018 4333 in
2057 4265 2295 4332 totum
2346 4257 2757 4331 abstractus
2790 4256 2883 4332 ad
2914 4256 3353 4331 audiendam
3390 4258 3822 4332 suavitatem

1375 4387 1380 4397 '
1485 4382 1683 4455 illius
1731 4378 2168 4455 dulcissimae
2221 4378 2574 4452 melodiae.
2628 4376 2781 4451 Hoc
2830 4384 3035 4472 potes
3084 4377 3283 4451 clare
3332 4376 3737 4474 intelligere
3768 4376 3825 4450 si

1487 4501 1814 4577 recurris
1863 4500 1954 4574 ad
2007 4518 2095 4575 ea
2148 4518 2317 4593 quae
2367 4498 2611 4573 notavi
2663 4498 2755 4572 de
2816 4496 3125 4572 mirabili
3189 4496 3479 4590 virtute,
3532 4501 3608 4572 et
3666 4498 3825 4573 effi·

1481 4622 1680 4696 cacia
1722 4620 2020 4693 musicae
2057 4618 2152 4693 ad
2181 4608 2255 4710 (³)
2290 4617 2837 4693 dissolutionem
2874 4626 2949 4693 et
2981 4618 3471 4712 devotionem,
3496 4618 3814 4693 secundo

1477 4742 1796 4837 capitulo
1845 4741 2066 4813 huius
2117 4739 2300 4814 libri.
2355 4740 2443 4813 Et
2490 4738 2663 4813 dicit
2712 4738 2911 4833 quod
2968 4738 3109 4813 illae
3170 4738 3437 4813 animae
3489 4739 3821 4815 fecerunt

1481 4862 1714 4956 idem3
1766 4861 1965 4937 unde
1995 4860 2213 4937 dicit:
2264 4882 2304 4933 c
2352 4864 2397 4935 ι’
2424 4864 2631 4949 altre,
2665 4860 2939 4935 scilicet
2972 4859 3239 4933 animae
3280 4858 3601 4935 illustres
3651 4860 3815 4956 qui·-

1489 4978 1702 5011 ...—-1.-

1609 5053 1661 5114 (¹)
1693 5052 1766 5101 Le
1799 5050 1976 5113 parole
2011 5050 2089 5100 sta
2119 5052 2136 5100 i
2170 5051 2273 5100 due
2303 5050 2571 5100 asteriscbi
2604 5062 2699 5100 son
2729 5048 2955 5112 supplite
2987 5048 3125 5113 dagli
3157 5047 3278 5100 altri
3311 5049 3413 5098 due
3444 5048 3582 5099 testi.

1614 5130 1668 5191 (¹)
1701 5132 1809 5188 117,
1843 5132 1898 5177 et
1927 5126 2273 5191 pollutionem
2300 5127 2487 5178 earnis.
2727 5125 2784 5190 (⁸)
2816 5130 2923 5189 117,
2959 5126 3021 5176 ad
3054 5126 3367 5178 solutionem
3400 5130 3455 5177 et
3484 5126 3825 5180 devotionem.
