4392 6850
1236 996 1512 1051 CAN-rus
1564 996 1880 1054 nncmus
1925 1000 2214 1055 eumue.
2747 984 2890 1057 ΒΜ

451 1208 458 1215 .
543 1139 849 1215 comites
897 1139 1320 1215 nobilissimi
1373 1141 1466 1217 de
1523 1140 1790 1219 Sancta
1853 1144 2070 1219 Flore
2127 1146 2450 1240 castello,
2512 1144 2731 1221 adeo'
2758 1166 2893 1242 po-

546 1266 780 1335 tentes
830 1260 912 1334 in.
955 1260 1237 1355 Tuscia,
1289 1262 1485 1356 quod
1539 1263 1870 1341 solebant
1925 1265 2227 1362 gloriari
2289 1266 2488 1360 quod
2554 1272 2891 1362 poterant

545 1381 746 1455 omni
795 1380 914 1456 die
961 1381 1131 1455 anni
1183 1388 1478 1457 mutare
1526 1384 1771 1458 locum
1825 1392 1901 1459 et
1949 1391 2151 1460 stare
2202 1385 2273 1459 in
2324 1386 2487 1461 loco
2536 1393 2721 1482 tuto,
2785 1394 2891 1465 tot

545 1503 838 1577 castella
889 1502 1103 1577 fortia
1155 1502 1558 1597 habebant3
1604 1504 1732 1579 sed
1783 1505 2207 1581 habuerunt
2240 1506 2363 1581 diu
2398 1506 2675 1581 bellum
2714 1528 2887 1583 oum

544 1623 735 1697 dicta
783 1622 1098 1716 civitate,
1134 1642 1266 1717 per
1301 1622 1498 1717 quod
1538 1623 1696 1718 jam
1749 1631 2082 1721 tempore
2125 1627 2353 1703 nostri
2403 1634 2637 1724 poetae
2678 1635 2892 1703 erant

545 1744 618 1816 in
669 1763 940 1840 magna
994 1743 1230 1838 mina,
1291 1750 1367 1817 et
1431 1744 1646 1819 hodie
1694 1750 1866 1818 sunt
1925 1746 2135 1839 quasi
2185 1748 2485 1822 omnino
2537 1748 2894 1823 extermi-

546 1864 718 1939 nati.
771 1864 880 1939 De
925 1864 1066 1938 hac
1115 1863 1339 1959 stirpe
1389 1864 1647 1938 illustri
1700 1865 1836 1938 fuit
1885 1866 2021 1940 iste
2071 1867 2547 1961 flambertus,
2592 1868 2718 1961 qui
2772 1868 2890 1943 hic

547 1984 896 2078 loquitur,
923 1984 1220 2080 juvenis
1260 1984 1556 2078 quidem
1595 1990 1943 2059 strenuus
1969 1992 2042 2061 et
2076 1985 2453 2061 animosus
2478 1988 2725 2063 valde:
2757 1988 2889 2083 qul

544 2124 718 2179 cum
771 2104 1114 2179 exivisset
1139 2100 1212 2197 (¹)
1267 2105 1594 2201 probiter
1645 2112 1900 2181 contra
1951 2106 2285 2181 inimicos
2325 2106 2417 2181 ad
2456 2128 2687 2181 unum
2732 2108 2892 2183 avi·-

545 2232 991 2319 samentum,
1041 2224 1466 2300 interfectus
1515 2226 1651 2299 fuit
1701 2226 1772 2300 in
1823 2246 2088 2321 campo
2129 2226 2325 2322 apud
2379 2248 2609 2302 unum
2665 2248 2887 2302 suum

545 2348 950 2442 castellum,
979 2348 1176 2441 quod
1209 2346 1478 2421 dicitur
1501 2347 2176 2444 campagnaticum.
2211 2348 2319 2422 Ad
2354 2348 2638 2424 literam
2666 2370 2888 2447 ergo:

545 2468 714 2543 dicit
747 2468 916 2543 iste:
963 2473 1044 2542 Io
1077 2471 1186 2563 sui
1217 2471 1458 2559 latino,
1493 2468 1680 2543 idest
1713 2468 2035 2563 italicus3
2079 2487 2252 2543 nam
2290 2470 2361 2543 in
2397 2468 2601 2545 Italia
2651 2471 2891 2565 primo

547 2598 802 2665 natum
857 2598 971 2667 est
1005 2612 1274 2667 nomen
1317 2592 1648 2688 latinum,
1685 2614 1723 2666 e
1761 2602 1928 2667 nalo
1961 2596 2031 2667 (ἰ
2055 2616 2152 2669 un
2189 2616 2381 2687 yran
2428 2602 2643 2688 tosc0,
2686 2596 2889 2689 idest,

549 2710 807 2785 nobilis
858 2718 932 2786 et
991 2712 1300 2807 potentis
1358 2712 1642 2787 comitis
1703 2712 1774 2787 iu
1835 2714 2142 2809 Tuscia3
2206 2722 2280 2791 et
2342 2734 2518 2790 ecce
2582 2723 2889 2811 patrem,

557 2835 940 2923 Guylielmo
991 2835 1611 2925 Aldobrandeschi,
1657 2834 1758 2909 sic
1809 2836 2396 2933 cognominatuS,
2443 2840 2526 2931 fu
2574 2840 2713 2909 mio
2756 2858 2893 2930 pa-

551 2954 735 3045 dre,·
787 2959 864 3027 et
911 2953 1128 3027 dicit:
1181 2974 1325 3027 non
1385 2976 1467 3027 so
1517 2976 1592 3027 se
1614 2956 1666 3029 ’l
1719 2976 1923 3029 nome
1979 2976 2108 3029 sno
2169 2960 2442 3049 qiamai
2492 2960 2575 3051 sla
2636 2979 2843 3031 vesco
2861 2984 2892 3051 ‚-

550 3074 758 3166 quasi
819 3074 1057 3148 dicat:
1111 3075 1332 3149 credo
1384 3075 1580 3169 quod
1633 3074 1756 3170 sic,
1809 3076 1983 3169 quia
2036 3076 2171 3150 fuit
2222 3076 2393 3151 satis
2444 3080 2769 3152 famosus
2817 3078 2892 3151 in

551 3195 774 3269 ltalia.
811 3196 954 3269 Iste
988 3196 1442 3269 Humbertus
1485 3196 1871 3271 audiverat
1907 3197 2288 3293 Virgilium
2333 3198 2755 3294 loquentem
2786 3200 2895 3272 la·-

551 3317 721 3411 tine,
759 3316 921 3391 ideo
956 3316 1058 3390 sic
1099 3316 1445 3410 loquitur.
1473 3356 1573 3370 —
1601 3318 1676 3389 L'
1702 3320 1952 3390 antica.
1992 3316 2122 3391 Hic
2153 3316 2265 3391 Hu
2279 3319 2607 3392 mbertus
2642 3325 2895 3392 narrat

552 3439 726 3533 quid
777 3439 1167 3536 praestabat
1219 3439 1351 3512 sibi
1418 3437 1833 3534 superbiam
1894 3459 2277 3536 magnam3
2330 3447 2405 3514 et
2454 3439 2645 3534 dicit,
2697 3439 2893 3533 quod

553 3560 854 3634 fuerunt
892 3559 1064 3653 duo,
1103 3558 1392 3652 scilicet,
1427 3559 1764 3634 nobilitas
1797 3567 1871 3634 et
1905 3560 2136 3635 virtus
2173 3582 2482 3635 suorum
2518 3561 2893 3636 clarorum

553 3679 1143 3775 progenitorum3
1195 3679 1367 3754 dicit
1417 3699 1646 3776 ergo:
1701 3683 1776 3752 L'
1801 3683 2032 3754 antico
2078 3703 2373 3773 saraque,
2442 3681 2623 3756 idest
2686 3681 2895 3756 nobi-

553 3800 658 3894 lis,
687 3825 726 3871 e
757 3803 802 3872 l'
828 3821 1039 3892 opere
1077 3801 1462 3892 quyiadre,
1497 3801 1702 3894 idest,
1741 3807 1944 3898 gesta
1988 3809 2315 3897 strenua,
2368 3803 2475 3875 ἀρ’
2502 3806 2659 3876 miei
2690 3823 2896 3895 may-

439 3931 446 3938 ·
551 3924 742 4011 9ior,
793 3913 998 4014 idest,
1050 3921 1712 4016 praedecessorum3
1766 3921 2158 4015 antiquitas
2220 3921 2413 3995 enim
2468 3921 2635 3996 facit
2686 3923 2895 3997 nobi—

550 4041 857 4136 litatem,
907 4047 992 4114 ut
1041 4039 1208 4114 dicit
1259 4041 1725 4136 philosophus
1777 4041 1962 4116 libro
2011 4042 2603 4138 Rhetoricorum,
2654 4048 2752 4117 mi
2781 4048 2895 4139 ser

551 4154 612 4234 εὶ
659 4167 1075 4252 arroyante,
1121 4159 1333 4255 idest,
1378 4161 1712 4236 fecerunt
1747 4182 1869 4237 me
1905 4170 2056 4236 tam
2098 4163 2528 4258 superbum,
2584 4165 2703 4236 ohe
2752 4183 2896 4236 non

546 4286 912 4376 pensando
963 4301 1011 4354 a
1061 4285 1131 4355 la
1182 4303 1468 4355 comune
1518 4285 1793 4374 madre,
1843 4283 2050 4376 idest,
2102 4282 2194 4357 ad
2254 4285 2556 4377 Hevam,
2598 4304 2694 4358 ex
2744 4305 2895 4379 qua

551 4423 812 4476 omnes
837 4421 1096 4476 sumus
1122 4401 1294 4496 nati,
1323 4403 1440 4475 vel
1479 4421 1952 4476 communem
1991 4409 2302 4476 matrem
2342 4409 2558 4477 vocat
2590 4409 2895 4496 terram,

551 4545 722 4619 quae
773 4529 884 4598 est
933 4523 1343 4597 communis
1393 4523 1725 4598 omnium
1779 4543 2083 4619 parens3
2138 4525 2255 4598 vel
2308 4525 2465 4600 vult
2526 4523 2773 4600 dicere
2822 4531 2899 4600 et

551 4646 840 4740 melius,
893 4642 1090 4740 quod
1153 4665 1410 4718 omnes
1460 4645 1839 4738 aequaliter
1893 4644 2263 4719 nascimur
2296 4635 2369 4736 (¹)
2424 4643 2519 4720 de
2571 4645 2896 4739 foemina,

549 4766 652 4841 ita
702 4765 901 4860 quod
953 4786 1086 4861 per
1133 4765 1330 4840 viam
1383 4765 1771 4840 nativitatis
1824 4765 2022 4838 nulla
2074 4772 2186 4840 est
2246 4764 2653 4840 differentia
2706 4766 2899 4842 inter

555 4909 810 4984 regem
863 4894 938 4962 et
989 4887 1388 4981 rusticum3
1441 4886 1650 4981 quasi
1701 4885 1930 4960 dicat:
1983 4885 2374 4981 respiciens
2423 4891 2709 4961 tantum
2763 4909 2899 4962 no-

677 5077 734 5138 (¹)
767 5077 830 5127 E.
861 5076 1098 5126 exivisset
1130 5077 1415 5140 prohibitus
1447 5076 1695 5139 probiter.

681 5153 738 5216 (¹)
769 5153 830 5203 Ε.
865 5159 1148 5204 nascuntur
1181 5155 1244 5204 de
1279 5153 1504 5204 l'oemina.
