4392 6850
1221 778 1499 835 mnus
1548 778 1865 836 nummus
1912 778 2173 835 mus.
2725 765 2868 837 ⁸1⁷

526 926 829 1021 bricam,
879 930 954 1000 et
1003 924 1469 1021 impudicam.
1521 924 1610 999 Et
1660 924 1847 1019 vide,
1900 925 2101 1019 quod
2160 926 2297 1001 iste
2354 924 2698 1000 sacerdos
2757 924 2869 999 lo-

516 1046 779 1142 quitur
827 1048 1131 1121 honeste
1163 1051 1237 1121 et
1270 1050 1523 1121 caute.
1558 1044 1730 1119 dicit
1762 1045 1960 1121 enim
1996 1045 2196 1140 quod
2237 1046 2469 1141 neptis
2503 1050 2614 1121 est
2647 1046 2866 1139 bona,

529 1166 661 1243 nisi
709 1166 1037 1243 imitetur
1086 1166 1513 1261 exemplum
1562 1165 1876 1241 aliarum
1927 1165 2022 1241 de
2068 1165 2292 1243 domo
2343 1186 2500 1243 sua.
2541 1166 2684 1241 Per
2727 1165 2868 1241 hoc

530 1287 720 1365 enim
770 1286 899 1363 dat
928 1286 1229 1385 intelligi
1260 1291 1505 1380 caute,
1538 1286 1739 1381 qnod
1780 1286 2133 1363 mulieres
2166 1286 2462 1363 illorum
2503 1286 2598 1363 de
2635 1285 2869 1361 Flisco

530 1408 831 1485 fuerunt
882 1408 1165 1483 nobiles
1214 1406 1681 1501 meretrices3
1732 1407 1995 1503 qualis,
2042 1408 2103 1482 si
2160 1408 2358 1485 fama
2410 1428 2558 1483 non
2605 1405 2872 1483 menti-

532 1536 677 1623 tur,
710 1528 850 1603 fuit
882 1548 1077 1603 uxor
1116 1528 1311 1604 Petri
1344 1528 1441 1603 de
1470 1527 1725 1603 Russis
1756 1527 1851 1603 de
1882 1529 2175 1623 Parma,
2208 1527 2687 1605 strenuissimi
2730 1526 2869 1600 mi-

531 1649 689 1724 litis.
722 1646 909 1738 Quid
956 1648 1195 1723 dicam
1230 1648 1325 1724 de
1356 1646 1661 1723 isabella
1696 1665 1935 1723 uxore
1964 1648 2242 1723 domini
2274 1648 2576 1724 Luchini
2611 1655 2870 1744 poten-

532 1769 781 1844 tissimi
832 1775 908 1843 et
944 1767 1325 1864 J'ustissimi
1375 1767 1666 1865 tyranni
1716 1767 1791 1842 in
1840 1750 2279 1844 Lomhardia
2297 1773 2330 1841 Y
2371 1770 2458 1842 Et
2507 1766 2872 1843 concludit

530 1891 929 1967 Adrianus:
962 1911 1003 1962 e
1046 1896 1287 1981 questa
1324 1892 1483 1963 sola
1512 1883 1659 1962 m'e*
1700 1892 1777 1963 di
1824 1880 1897 1963 ld
1934 1892 2234 1983 rimam,
2273 1891 2349 1964 in
2385 1910 2532 1985 qua
2573 1907 2874 1984 sperare

532 2011 841 2110 possim3
878 2010 1051 2105 quia
1086 2008 1191 2085 illi
1236 2008 1333 2085 de
1378 2009 1603 2085 domo
1634 2028 1803 2085 mea
1834 2017 2009 2085 sunt
2038 2010 2261 2087 dediti
2299 2010 2652 2104 avaritiae,
2687 2008 2875 2083 sicut

532 2152 671 2231 ego
728 2132 856 2227 fui,
910 2137 1071 2206 tum
1136 2130 1309 2225 quia
1362 2128 1763 2227 januensis,
1815 2136 1977 2205 tum
2038 2129 2214 2225 quia
2280 2130 2642 2207 sacerdos.
2705 2130 2876 2207 Ideo

534 2274 715 2352 rogo
764 2260 863 2348 ιθ,
914 2251 1435 2329 recommends
1486 2271 1609 2327 me
1656 2250 1793 2327 sibi
1840 2258 1917 2329 et
1966 2250 2175 2327 bonis
2224 2252 2570 2347 operibus
2620 2253 2792 2329 suis,
