4392 6850
1410 968 1555 1035 544
2130 979 2540 1033 comm
2587 980 3032 1035 »cuononi

1558 1126 1699 1197 Νοί
1724 1144 2041 1197 erucam.
2076 1124 2218 1198 Ista
2251 1130 2364 1198 est
2397 1130 2664 1217 quarta
2695 1144 2868 1219 pars
2901 1124 3104 1197 istius
3133 1124 3456 1219 mpituli,
3493 1126 3566 1199 in
3597 1146 3748 1218 qua

1408 1250 1623 1339 poeta
1668 1252 1919 1319 noster
1956 1244 2298 1319 describit
2351 1244 2760 1319 mirabilem
2809 1244 3152 1319 accidens
3197 1246 3398 1339 quod
3447 1246 3750 1320 emersit

1404 1362 1529 1457 ibi,
1578 1364 1851 1439 scilicet
1900 1372 2306 1439 tremorem
2357 1372 2434 1439 et
2481 1365 2886 1439 clamorem
2936 1364 3064 1458 qui
3123 1364 3423 1439 incussit
3471 1366 3604 1439 sibi
3657 1366 3750 1438 ti-

1406 1502 1695 1557 morem
1750 1504 2127 1580 magnum.
2184 1484 2390 1559 L'nde
2437 1484 2609 1559 dicit
2655 1484 3194 1559 continuative:
3271 1489 3412 1557 Νοι·
3455 1506 3748 1557 eram

1398 1608 1649 1697 peu-tiu
1690 1596 1815 1695 aid
1864 1608 1963 1679 da
2012 1628 2191 1695 esse,
2245 1605 2452 1697 idest,
2499 1605 2598 1677 ab
2645 1605 2802 1699 ipso
2859 1605 3172 1700 Hugone
3219 1605 3566 1700 Ciapetta‚
3617 1605 3746 1699 qui

1406 1724 1469 1797 si
1522 1724 1765 1799 fuerat
1810 1746 2085 1799 avarus
2132 1725 2610 1799 denariorum
2647 1724 2722 1799 in
2763 1726 2934 1818 vita,
2985 1726 3123 1807 suit
3149 1720 3224 1817 ς’)
3267 1726 3448 1799 mihi
3495 1726 3748 1821 largus

1408 1844 1807 1919 verborum
1862 1846 2001 1938 hic,
2050 1868 2089 1917 e
2134 1847 2508 1935 bn‘yavam
2555 1848 2636 1917 di
2677 1848 3086 1919 socer-clrior
3119 1849 3194 1918 Ia
3221 1848 3504 1936 wado,
3537 1846 3746 1937 idaet,

1402 1970 1481 2039 et
1528 1964 1987 2039 conabamur
2036 1986 2478 2060 percurrere
2527 1964 2748 2059 viam,
2799 1966 2972 2059 quia
3031 1965 3350 2038 multum
3407 1966 3748 2040 tardave-

1406 2104 1569 2157 ram
1620 2104 1793 2157 cum
1848 2084 1969 2158 illo
2018 2084 2302 2179 spiritu,
2357 2084 2824 2179 permittente
2861 2084 3184 2181 Virgilio,
3229 2093 3450 2177 mlo,
3483 2094 3746 2177 quanto

1404 2206 1485 2277 al
1522 2206 1755 2297 poder
1800 2208 1871 2277 η’
1893 2226 2025 2277 era
2062 2226 2454 2297 per-mmo,
2503 2204 2710 2298 idoet,
2761 2213 3044 2298 quanto
3073 2197 3148 2295 β)
3197 2212 3360 2279 erat
3409 2205 3746 2300 possibile

1402 2322 1727 2397 facultati
1782 2344 1969 2397 meae
2017 2324 2143 2419 qui
2194 2344 2404 2397 eram
2465 2344 2638 2398 cum
2697 2344 2948 2417 carne,
2999 2344 3138 2399 nec
3185 2332 3518 2420 poteram
3569 2347 3748 2399 cur-

1404 2464 1573 2519 rere
1606 2444 1719 2519 vel
1758 2444 2011 2519 volare
2042 2444 2230 2518 sicut
2269 2444 2606 2541 Virgilius
2640 2445 2754 2519 vel
2789 2446 3138 2541 angelus3
3171 2450 3522 2537 qumid’io
3545 2450 3744 2519 sent?

1400 2571 1669 2639 &emar
1730 2567 1799 2637 lo
1858 2572 2087 2638 monle
2142 2586 2336 2638 come
2399 2586 2568 2640 cosa
2623 2568 2744 2639 che
2801 2569 2986 2639 cada
3010 2592 3035 2638 .·
3097 2567 3216 2640 hic
3277 2574 3744 2641 terraemotus

1402 2684 1649 2761 evenit
1696 2704 1787 2759 ex
1843 2685 2272 2783 liberatione
2321 2684 2526 2759 Statii
2579 2693 2836 2780 poetae,
2871 2685 3060 2759 sicut
3089 2686 3584 2761 declarabitur
3615 2707 3744 2761 ω-

1400 2804 1631 2900 pitulo
1682 2805 2039 2899 sequenti.
2092 2806 2181 2878 Et
2229 2804 2434 2879 dicit:
2495 2808 2678 2877 onde
2735 2808 2834 2877 mi
2885 2826 3094 2897 prese
3149 2827 3246 2877 im
3299 2810 3484 2897 9⁶10,
3531 2806 3740 2901 idest,

1400 2924 1627 2999 timor
1678 2946 2015 3022 magnus,
2066 2926 2195 3021 qui
2251 2924 2484 3001 reddit
2531 2924 2904 2999 hominem
2945 2925 3292 3021 gelidum,
3329 2928 3502 3021 quia
3537 2928 3740 3001 calor

1404 3047 1785 3123 concurrit
1840 3045 1933 3122 ad
1982 3068 2153 3139 cor,·
2184 3068 2234 3119 a
2283 3046 2520 3141 simili,
2571 3048 2744 3138 qual
2777 3050 3092 3138 prender
3137 3050 3296 3121 suo!
3339 3051 3522 3121 colui
3567 3050 3740 3121 01ιά

1398 3174 1625 3241 morte
1670 3171 1883 3241 vada.
1920 3168 2007 3241 Et
2038 3174 2149 3241 est
2182 3166 2632 3261 comparatio
2665 3167 2986 3261 optima:
3020 3174 3494 3243 terraemotus
3533 3168 3734 3243 enim

1400 3296 1509 3365 est
1570 3310 1691 3365 res
1756 3288 2095 3364 terribilis
2163 3286 2290 3381 qui
2353 3284 2610 3362 scindit
2670 3286 3040 3363 interdum
3104 3296 3412 3383 montes,
3471 3289 3738 3363 evertit

1396 3410 1621 3486 urbes
1670 3432 1841 3486 cum
1896 3430 2167 3506 magno
2219 3408 2516 3484 interitu
2567 3408 2990 3504 hominum3
3039 3416 3118 3486 et
3173 3410 3292 3486 hic
3342 3416 3556 3506 poeta
3607 3432 3740 3486 no—

1396 3537 1553 3606 ster
1592 3531 1977 3606 videbatur
2030 3528 2282 3603 videre
2331 3535 2650 3604 mortem
2703 3547 2858 3624 prae
2907 3529 3178 3604 oculis:
3219 3551 3364 3604 non
3413 3531 3608 3606 enim
3649 3531 3742 3605 ti-

1394 3669 1691 3726 memus
1740 3671 1908 3745 quae
1960 3649 2302 3725 videntur
2353 3647 2560 3722 nobis
2607 3669 2652 3722 a
2707 3649 2948 3744 longe,
2983 3648 3156 3744 quia
3193 3670 3336 3723 non
3389 3651 3738 3726 timemus

1394 3777 1711 3846 mortem
1784 3771 2224 3861 naturalem,
2289 3789 2514 3862 quam
2588 3789 2734 3842 non
2793 3768 3164 3844 credimus
3225 3770 3384 3844 fore
3441 3770 3736 3866 propin-

1392 3913 1645 3988 quam.
1674 3931 1775 3946 —
1805 3896 2026 3966 Certo.
2078 3891 2210 3974 Hic
2259 3895 2474 3984 poeta
2523 3889 2847 3966 declarat
2887 3891 3085 3964 hunc
3127 3898 3416 3966 motum
3469 3890 3736 3966 montis

1393 4033 1527 4110 per
1596 4013 1913 4088 nobilem
1982 4011 2633 4106 comparationem.
2711 4007 2820 4084 Ad
2889 4031 3116 4103 quam
3193 4010 3730 4107 intelligendam

1394 4135 1593 4210 clare
1642 4133 1863 4208 debes
1914 4132 2101 4208 scire
2150 4130 2349 4226 quod
2401 4131 2618 4205 Delos
2665 4138 2780 4206 est
2829 4131 3064 4204 insula
3115 4131 3486 4206 notissima
3535 4131 3732 4227 apud

1391 4261 1668 4350 poetaS‚
1724 4274 1870 4328 una
1920 4253 2013 4328 de
2064 4251 2518 4349 Cycladibus»,
2569 4250 2839 4326 scilicet
2873 4250 2948 4324 in
2979 4250 3410 4347 Arcipelago
3458 4253 3734 4326 Roma-

1342 4393 1353 4408 ·
1396 4373 1557 4469 uiae,
1610 4393 1778 4469 quae
1842 4372 2027 4448 olim.
2084 4372 2353 4447 dicitur
2419 4371 2640 4472 fuisse
2708 4371 2992 4446 mobilis
3019 4361 3096 4464 (³)
3159 4371 3394 4448 donec
3459 4373 3730 4447 Latona

1396 4501 1633 4570 mater
1681 4492 2025 4588 Apollinis
2074 4499 2149 4566 et
2200 4491 2450 4566 Dianae
2499 4490 2826 4587 confugit
2863 4491 2955 4564 ad
2991 4491 3180 4590 hanc
3223 4491 3561 4586 insulam,
3601 4493 3734 4566 Ju-

1393 4634 1587 4689 none
1639 4620 2125 4708 persequente
2174 4633 2368 4706 eam,
2425 4611 2546 4686 ubi
2602 4611 2880 4706 peperit
2928 4611 3157 4687 dictos
3185 4600 3258 4704 (⁴)
3305 4613 3494 4688 duos
3527 4612 3730 4686 filios.

1394 4734 1625 4808 Huius
1662 4733 1965 4808 fictionis
1998 4732 2424 4829 allegoriam
2455 4731 2752 4826 quidam
2783 4738 3062 4826 ponunt
3093 4731 3227 4809 sic:
3251 4732 3506 4808 dicunt
3533 4734 3732 4808 enim

1394 4855 1593 4951 quod
1642 4854 1858 4929 Delos
1898 4853 2031 4928 fuit
2065 4852 2704 4947 insula-quondam
2751 4861 3092 4946 quassata
3137 4853 3420 4950 magnis
3453 4859 3528 4928 et
3567 4874 3732 4928 cre-

1518 5038 1575 5100 (⁸)
1606 5039 1669 5088 E.
1702 5037 1799 5088 ruit
1832 5043 2003 5088 unten
2034 5039 2227 5101 largus.
2648 5035 2700 5096 ζ’)
2739 5041 2844 5095 11⁷,
2877 5041 3148 5100 quantum.

1518 5115 1572 5178 (⁸)
1606 5114 1667 5166 Ε.
1698 5113 1901 5166 nobilis.
2647 5113 2702 5176 (⁸)
2737 5117 2842 5173 117,
2877 5113 2998 5164 istos
3029 5114 3178 5164 duos.
