4392 6850
1216 866 1497 923 CAN'rth
1547 866 1861 923 memus
1910 868 2276 923 surmus
2774 855 2916 922 465

576 1012 867 1087 ritatem
929 1010 1181 1106 noctiS,
1250 1018 1318 1086 et
1374 1032 1715 1085 eravamo
1774 1014 2008 1106 asli-esi,
2081 1011 2296 1106 idest}
2349 998 2920 1089 firmaveramus

574 1151 707 1206 nos
755 1130 855 1205 ibi
902 1152 948 1206 a
999 1129 1237 1225 simili,
1282 1152 1426 1224 pur
1472 1152 1665 1205 come
1710 1152 1892 1206 nave
1937 1134 2038 1206 ch'
2063 1134 2215 1206 alca
2261 1135 2561 1225 piayqia
2623 1136 2918 1206 arriva:

570 1257 649 1326 et
697 1258 811 1325 est
858 1250 1253 1325 similitudo
1304 1251 1599 1347 propria
1634 1251 1865 1327 valde.
1907 1252 2109 1327 Sicut
2151 1252 2347 1327 enim
2402 1253 2608 1328 navis
2662 1251 2915 1325 firma-

572 1378 698 1446 tur
729 1371 824 1446 ad
864 1371 1207 1469 plagiam,
1244 1377 1327 1445 ut
1360 1378 1503 1447 stet
1534 1372 1627 1447 ad
1662 1378 1974 1468 tempuS,
2010 1379 2086 1449 et
2122 1380 2376 1469 postea
2411 1375 2707 1449 tandem
2745 1393 2915 1468 per—

573 1492 817 1567 veniat
866 1492 959 1567 ad
1008 1498 1333 1587 portum,
1368 1492 1497 1565 ubi
1531 1492 1895 1568 tutissime
1927 1493 2298 1587 quiescam
2332 1493 2435 1568 ita
2475 1514 2672 1569 nunc
2708 1494 2914 1591 inge-

572 1613 780 1687 nium
830 1619 1088 1709 poetae,
1142 1612 1341 1707 quod
1390 1613 1545 1709 ipse
1583 1614 1741 1707 jam
1794 1614 2219 1689 assimilavit
2253 1613 2423 1687 navi
2458 1614 2532 1687 in
2565 1612 2915 1709 principio

571 1734 793 1809 huius
816 1733 1246 1831 purgatorii,
1282 1732 1709 1809 firmaverat
1742 1754 1825 1809 se
1854 1733 1950 1808 ad
1984 1734 2484 1809 summitatem
2521 1735 2758 1829 scalae,
2785 1733 2914 1807 ubi

572 1860 801 1929 staret
848 1874 981 1950 per
1032 1861 1365 1929 noctem:
1418 1860 1493 1929 et
1542 1853 1641 1928 ita
1680 1854 1836 1949 jam
1890 1853 2059 1927 fecit
2095 1853 2289 1947 alibi,
2324 1859 2400 1928 et
2436 1853 2650 1927 faciet
2683 1853 2916 1927 donec

572 1974 950 2070 perveniat
998 1974 1092 2049 ad
1142 1974 1405 2068 Deum,
1458 1974 1532 2048 in
1584 1994 1733 2068 quo
1788 1980 2169 2067 tamquam
2238 1973 2312 2047 in
2366 1973 2646 2069 placido
2699 1978 2916 2068 portu

575 2114 783 2169 mens
816 2100 977 2189 post
1013 2094 1311 2190 longam
1345 2092 1884 2189 navigationem
1926 2093 2274 2187 quiescat.
2315 2094 2466 2169 Nec
2497 2099 2746 2169 tamen
2781 2112 2916 2167 vo-

573 2214 709 2289 luit
755 2213 1067 2309 perdere
1114 2212 1467 2287 inutiliter
1524 2212 1738 2287 istam
1800 2219 2131 2307 noctem3
2184 2214 2382 2299 unde
2431 2212 2643 2288 dicit:
2702 2216 2802 2297 ,ed
2846 2215 2918 2285 io

573 2335 770 2407 anese·
822 2354 920 2406 tm
974 2352 1157 2427 poco
1216 2334 1273 2405 ε’
1298 2334 1369 2404 io
1436 2334 1701 2407 vedessi
1762 2336 2019 2407 alcima
2078 2353 2271 2425 cosa,
2323 2334 2441 2408 vel
2507 2333 2915 2409 secundum

572 2453 791 2527 aliam
840 2452 1151 2546 literam,
1201 2452 1443 2543 udi-ssi,
1492 2454 1611 2525 nel
1659 2473 1894 2525 nuovo
1948 2455 2224 2545 yirone,
2277 2452 2567 2546 scilicet,
2623 2458 2914 2547 quarto,
2987 2490 2998 2502 -

574 2572 763 2648 sicut
812 2578 973 2648 erat
1022 2572 1414 2667 aliquando
1456 2572 1711 2647 solitus
1744 2572 1995 2648 videre
2030 2573 2149 2647 vel
2180 2573 2439 2648 audire
2486 2572 2564 2647 in
2614 2573 2913 2647 introitu

575 2692 889 2768 aliorum
941 2692 1442 2786 circulorum3
1494 2714 1533 2767 e
1582 2696 1735 2787 poi,
1788 2692 2081 2787 scilicet,
2134 2714 2306 2767 cum
2359 2694 2534 2767 nihil
2585 2694 2910 2768 viderem

576 2812 694 2886 vel
742 2811 1104 2906 audirem,
1140 2814 1237 2885 mi
1284 2814 1462 2885 vols-i
1508 2812 1587 2885 al
1632 2816 1771 2885 mio
1807 2820 2139 2904 maestro,
2175 2811 2468 2907 scilicet,
2508 2812 2910 2909 Virgilium,

572 2932 701 3027 qui
750 2931 1181 3007 informaret
1230 2952 1353 3007 me
1400 2932 1495 3007 de
1544 2933 1727 3025 locO,
1782 2952 1820 3005 e
1868 2934 2040 3006 dissi
2053 2958 2078 3005 .·
2134 2954 2179 3007 o
2231 2935 2425 3007 dolce
2473 2934 2612 3005 mio
2649 2935 2909 3025 padre,

575 3052 901 3147 loquitur
949 3050 1215 3127 blande
1262 3051 1520 3126 avidus
1567 3052 1909 3127 audiendi
1949 3052 2372 3147 novitatem,
2408 3055 2529 3145 ἀπ’,
2563 3057 2768 3145 quale
2799 3055 2911 3146 of-

567 3176 905 3267 sensione,
956 3171 1163 3265 idest,
1216 3171 1430 3266 culpa
1480 3170 1855 3247 offendens
1904 3172 2168 3266 Deum,
2217 3176 2282 3245 si
2333 3193 2573 3266 pur-qa
2633 3176 2754 3270 qui
2798 3174 2915 3244 nel

570 3296 733 3385 ρι’νο
766 3295 943 3367 dove
972 3312 1161 3365 semo
1180 3298 1219 3365 ?
1243 3290 1512 3367 scilicet
1552 3298 1858 3387 quarto3
1888 3299 1963 3367 et
1992 3292 2197 3367 dicit:
2232 3315 2306 3367 se
2336 3288 2509 3385 ipid
2537 3297 2602 3367 si
2631 3300 2913 3384 ειαηηο,

574 3411 781 3508 quasi
830 3410 1055 3488 dicat:
1118 3410 1179 3485 si
1230 3431 1376 3486 non
1436 3433 1827 3507 possumus
1888 3412 2276 3489 ambulare
2338 3413 2432 3490 de
2482 3419 2718 3510 nocte,
2771 3434 2914 3487 non

570 3537 707 3608 seia
754 3541 873 3608 tuo
918 3553 1291 3626 sermon&
1340 3532 1515 3626 quia
1564 3534 1757 3608 hene
1813 3554 2205 3629 possumus
2257 3535 2457 3629 loqui
2517 3535 2610 3610 de
2669 3535 2913 3629 aliqua

573 3653 880 3729 materia
930 3652 1183 3749 pulcra
1233 3672 1380 3727 non
1430 3651 1942 3748 impertinente
1988 3655 2081 3728 ad
2129 3655 2608 3749 propositum.
2657 3655 2745 3728 Et
2797 3654 2914 3730 hic

574 3780 767 3867 nota,
827 3773 1080 3866 lector,
1142 3770 1338 3866 quod
1397 3780 1611 3867 poeta
1675 3778 1923 3849 noster
1993 3793 2264 3870 magna
2335 3780 2496 3850 arte
2556 3773 2724 3849 facit
2794 3774 2912 3848 hic

570 3895 784 3970 istam
843 3891 1381 3987 inquisitionem
1451 3892 1703 3967 utilem
1764 3899 1841 3968 et
1906 3894 2425 3987 necessariam,
2487 3915 2620 3990 per
2683 3913 2909 3987 quam

510 4059 513 4064 -
572 4014 739 4090 facit
786 4010 1317 4087 distinctionem
1370 4013 1646 4086 claram
1708 4011 1931 4086 totius
1991 4012 2394 4109 purgatorii
2459 4033 2593 4108 per
2649 4031 2908 4086 omnes

571 4133 845 4230 gradus
876 4151 1073 4226 suoS,
1108 4131 1298 4205 sicut
1330 4130 1499 4206 fecit
1530 4130 1603 4204 in
1640 4151 1793 4205 uno
1825 4132 2143 4227 capitulo
2178 4132 2442 4208 inferni
2484 4153 2614 4228 per
2648 4151 2906 4206 omnes

572 4253 887 4329 circulos
936 4259 1075 4328 etc.
1100 4292 1202 4306 —
1224 4257 1315 4325 El
1343 4253 1474 4326 elli.
1512 4251 1643 4326 Hic
1675 4258 1889 4347 poeta
1923 4253 2127 4347 ponit
2162 4253 2708 4347 responsionem
2748 4252 2912 4326 Vir-

572 4373 721 4471 gilii
768 4371 863 4448 ad
912 4392 993 4448 se
1042 4371 1327 4447 dicens:
1379 4376 1470 4444 Et
1497 4374 1611 4445 elli
1648 4393 1701 4462 a¹
1738 4393 1873 4464 me,
1915 4373 2194 4468 supple,
2231 4372 2570 4469 Virgilius
2607 4391 2912 4467 respon-

571 4495 707 4570 dit:
760 4496 805 4568 Γ
831 4514 1039 4568 amor
1096 4495 1213 4567 del
1268 4493 1425 4585 ben,
1476 4491 1767 4587 scilicet,
1822 4492 1974 4568 veri
2037 4492 2232 4586 boni,
2285 4486 2547 4586 soemo,
2593 4490 2914 4566 diminu-

574 4622 693 4689 tus
722 4606 795 4707 (¹)
862 4619 937 4689 et
1004 4613 1269 4706 lentuS,
1326 4615 1442 4686 del
1493 4633 1622 4686 suo
1688 4614 1931 4704 dovor,
1991 4612 2086 4687 ad
2142 4610 2674 4706 acquirendum
2737 4611 2914 4684 illud

571 4734 893 4809 bonum:
928 4733 1069 4807 hoc
1117 4738 1373 4807 autem
1426 4752 1572 4807 non
1607 4739 1717 4808 est
1758 4731 1957 4806 aliud
1990 4731 2238 4806 dicere
2277 4731 2414 4806 nisi
2453 4729 2746 4806 accidia.
2791 4731 2916 4804 Est

700 4992 759 5056 (¹)
788 4992 851 5043 E.
884 4993 1200 5045 diminutum
1230 4999 1286 5045 et
1316 4995 1533 5046 lentum.

840 5099 925 5143 111.
2589 5101 2646 5144 ω
