4392 6850
1407 937 1684 992 cAN'rus
1731 937 2120 996 SECUNDUS.
2840 928 2933 997 79

582 1081 780 1176 quod
831 1081 1136 1179 ignarus
1190 1083 1491 1158 musicae
1545 1085 2027 1178 reputabatur
2089 1085 2445 1179 indoctuS,
2496 1084 2687 1160 sicut
2744 1085 2935 1162 The-

519 1227 526 1237 ·
581 1202 948 1278 mistocles
999 1203 1600 1297 praeclarissimus
1649 1203 1800 1278 dux
1853 1211 1925 1280 et
1976 1205 2445 1300 philosophus
2492 1205 2935 1282 atheniensis

582 1325 922 1419 culpatus
971 1329 1080 1400 est
1130 1324 1306 1418 quia
1357 1324 1432 1398 in
1479 1324 1819 1399 convivio
1869 1326 2106 1421 lyram
2163 1326 2553 1402 recusavit.
2606 1326 2695 1402 Et
2744 1327 2937 1422 Epa-

585 1444 966 1519 minondas
1039 1444 1590 1520 strenuissimus
1665 1445 1818 1534 dux,
1893 1447 2255 1520 thebanus
2340 1447 2591 1522 similis
2676 1448 2933 1525 Catoni

586 1565 968 1660 superiori,
1021 1565 1096 1639 in
1147 1572 1348 1640 tanta
1411 1586 1662 1642 rerum
1727 1565 2079 1640 industria
2147 1567 2485 1644 laudatus
2542 1577 2678 1664 est,
2736 1569 2933 1664 quod

585 1685 856 1760 sciebat
906 1686 1181 1780 optime
1229 1706 1500 1760 canere
1534 1687 1716 1782 lyra,
1751 1686 1940 1760 sicut
1969 1678 2042 1778 (¹)
2091 1687 2369 1762 Tullius
2412 1689 2601 1764 libro
2651 1691 2933 1764 Tuscu-

587 1805 968 1880 lanarum:
1029 1813 1104 1880 et
1153 1805 1464 1882 Achilles
1516 1805 1812 1900 juvenis
1863 1826 1942 1882 se
1991 1825 2170 1880 sono
2233 1807 2411 1903 lyrae
2462 1829 2509 1882 a
2560 1809 2935 1884 laboribus

591 1926 1011 2020 recreabat3
1077 1933 1152 2002 et
1208 1925 1544 2002 Socrates
1595 1945 1820 2002 senex
1872 1925 1946 2002 in
1998 1926 2201 2000 senio
2254 1947 2397 2002 nou
2450 1929 2935 2006 erubescebat

586 2043 870 2120 discere
905 2046 1280 2120 musicam.
1312 2045 1396 2118 Et
1431 2045 1622 2122 idem
1661 2046 1938 2121 Tullius
1971 2048 2295 2122 secundo
2328 2047 2423 2122 de
2445 2049 2761 2146 Legibus
2796 2050 2937 2124 mi-

587 2165 914 2240 rabiliter
963 2166 1430 2242 commendat
1481 2165 1868 2260 musicam,
1909 2173 1986 2242 et
2025 2168 2283 2262 pulcre
2321 2168 2640 2264 disputat
2676 2179 2931 2246 utrum

585 2287 672 2360 sit
727 2287 939 2381 utilis,
994 2295 1068 2364 et
1118 2287 1432 2362 ostendit
1481 2287 1680 2381 quod
1733 2308 1976 2382 neque
2027 2290 2355 2384 colenda,
2409 2311 2650 2385 neque
2700 2291 2935 2388 negli-

584 2407 823 2503 genda
875 2407 984 2482 sit.
1039 2408 1372 2508 Erplato
1421 2406 1536 2482 vir
1585 2407 1806 2481 divini
1849 2409 2114 2504 ingenii
2151 2410 2551 2485 arbitratus
2603 2419 2715 2486 est
2766 2433 2937 2486 mu-

587 2528 810 2602 sicam
863 2527 956 2602 ad
1005 2535 1280 2604 statum
1347 2529 1500 2604 sive
1561 2528 2110 2623 corruptionem
2179 2550 2475 2604 morum
2544 2552 2633 2606 ac
2688 2533 2937 2627 reipu-

585 2650 792 2724 blicae
843 2649 1234 2744 pertinere.
1287 2649 1484 2724 Nero
1533 2655 1784 2722 autem
1824 2648 1920 2722 ita
1955 2648 2315 2724 alienatus
2358 2657 2468 2726 est
2518 2658 2767 2728 mente
2804 2672 2936 2746 per

590 2759 972 2863 musicam,
1011 2769 1210 2864 quod
1243 2771 1315 2842 in
1353 2769 1614 2844 ultimo
1652 2770 2069 2844 discrimine
2101 2771 2377 2865 positus
2414 2771 2748 2868 deflebat,
2788 2795 2935 2850 non

589 2895 907 2984 quantus
939 2883 1012 2982 (²)
1064 2890 1398 2985 princeps
1449 2891 1576 2965 sed
1627 2891 1862 2986 qualis
1913 2892 2241 2966 musicus
2292 2894 2587 2989 periret,
2624 2902 2706 2969 ut
2752 2895 2933 2970 scri-

587 3011 690 3084 bit
738 3010 1128 3086 Svetonius
1179 3012 1254 3084 in
1299 3017 1530 3086 sexto.
1561 3053 1659 3066 --
1693 3017 1916 3086 Come.
1953 3013 2084 3088 Hic
2121 3013 2379 3090 ultimo
2414 3022 2627 3110 poeta
2662 3016 2935 3092 descri-

585 3131 688 3205 bit
741 3151 1114 3206 recessum
1169 3132 1460 3206 illarum
1507 3132 1928 3206 animarum
1980 3153 2110 3228 per
2165 3155 2391 3208 unam
2444 3134 2933 3230 comparatio-

586 3271 756 3326 nem
819 3251 1340 3346 domesticam3
1405 3259 1478 3326 et
1539 3252 1864 3328 breviter
1913 3252 2104 3346 dicit,
2171 3253 2370 3346 quod
2431 3253 2542 3328 isti
2604 3255 2938 3330 feceruut

584 3391 782 3447 nunc
831 3372 1020 3447 sicut
1070 3373 1418 3467 columbi,
1471 3373 1596 3467 qui
1661 3372 2116 3449 intendentes
2179 3373 2275 3449 ad
2334 3375 2769 3469 capiendum
2832 3377 2937 3453 ci·-

585 3492 792 3585 bum,
829 3492 1160 3569 exterriti
1205 3495 1532 3569 clamore
1565 3494 1684 3569 vel
1718 3494 2026 3588 strepitu
2061 3494 2373 3569 alicuius
2408 3497 2939 3591 supervenien-

592 3613 704 3707 tis,
731 3615 972 3689 subito
1004 3614 1398 3710 aufugiunt
1432 3613 1729 3690 dimisso
1767 3615 1962 3689 victu
1999 3634 2157 3689 suo.
2189 3616 2461 3691 Ordina
2486 3618 2589 3691 sic
2623 3618 2938 3711 literam,

585 3756 754 3827 quae
803 3735 1094 3811 videtur
1144 3736 1518 3809 intricata:
1571 3737 1707 3809 vid’
1734 3740 1830 3827 2⁰0,
1883 3735 2154 3811 scilicet
2191 3757 2332 3833 ego
2373 3738 2663 3831 DanteS,
2711 3742 2939 3833 quella

587 3860 940 3929 masnada
972 3861 1236 3951 fresca,
1273 3856 1480 3951 idest,
1517 3857 1812 3931 turbam
1853 3877 2121 3932 novam
2157 3857 2451 3931 illarum
2490 3858 2935 3949 animarum,

587 3980 826 4049 lassar
873 3978 942 4049 lo
991 3984 1225 4067 canta,
1267 3976 1458 4051 illius
1510 3958 1830 4069 Casellae,
1865 3998 1904 4049 e
1944 3979 2190 4070 fuyyir
2245 3972 2365 4050 υέν
2416 3979 2489 4050 la
2538 3984 2759 4069 costa,
2794 3978 2935 4051 sci-

583 4097 752 4173 licet
803 4097 1072 4171 montis
1122 4097 1549 4195 purgatorii,
1601 4100 1774 4171 com’
1798 4118 1958 4170 uom
2011 4099 2132 4169 alte
2181 4119 2301 4187 va,
2340 4094 2433 4171 ne*
2461 4119 2545 4171 sa
2584 4100 2761 4172 dove
2790 4101 2937 4171 rie-

581 4241 730 4312 sca,
772 4219 950 4313 quia
984 4219 1110 4313 qui
1155 4218 1398 4314 incipit
1433 4218 1735 4293 tendere
1775 4216 1868 4293 ad
1909 4217 2259 4292 virtutem
2316 4219 2601 4315 ignorat
2652 4218 2935 4293 exitum

583 4348 656 4415 et
703 4340 970 4434 finem;
1037 4332 1179 4413 cosi
1227 4361 1420 4413 come
1479 4343 1530 4413 li
1589 4340 1907 4430 columbi,
1957 4340 2236 4435 supple,
2290 4340 2600 4435 fugiunt,
2654 4342 2938 4431 quando

583 4465 878 4535 adunati
927 4464 1075 4535 alla
1113 4468 1447 4554 pastura,
1484 4460 1558 4533 in
1608 4480 1869 4555 campo
1904 4460 2048 4534 'ubi
2099 4468 2526 4555 pascuntur,
2574 4461 2938 4551 coyliendo

585 4583 798 4655 biada
849 4602 894 4655 ο
945 4585 1184 4671 zoylio,
1238 4584 1419 4673 queti
1465 4601 1682 4653 senza
1717 4588 2028 4653 mostrar
2062 4582 2108 4652 l’
2131 4588 2333 4653 usaco
2367 4583 2719 4671 oryoyliO,
2754 4580 2941 4655 idest

586 4701 884 4777 dimisso
947 4723 1223 4798 magno
1286 4720 1678 4775 murmure
1737 4721 1872 4774 suo
1937 4700 2275 4794 naturali,
2346 4703 2613 4773 lascian
2672 4702 2935 4775 subita-

583 4828 805 4895 mente
851 4830 1007 4895 star
1063 4825 1108 4895 ἴ
1136 4842 1321 4913 esca,
1395 4842 1543 4915 qua
1602 4826 1756 4895 tam
1820 4819 2130 4895 dulciter
2193 4821 2705 4915 pascebantur,
2763 4842 2939 4914 per-

711 5076 768 5141 (¹)
801 5078 864 5129 13.
896 5078 1030 5163 sieut
1062 5078 1244 5129 scribit
1274 5078 1496 5129 Tullius.
1841 5075 1898 5140 (¹)
1929 5078 1991 5129 E.
2023 5092 2130 5129 non
2163 5083 2437 5143 quantum.
