4392 6850
1439 965 1716 1020 murus
1761 966 2118 1033 nunnus·
2820 955 2959 1024 133

603 1111 726 1206 ple
773 1087 890 1184 ωε·
947 1109 1182 1204 faeno,
1247 1116 1322 1184 et
1380 1109 1540 1184 sine
1599 1109 1880 1205 labore,
1927 1114 2112 1184 azzor
2169 1115 2379 1186 saraa·
2428 1115 2507 1185 αι
2550 1115 2655 1206 fin
2712 1114 2963 1186 α’ωιο

599 1234 932 1324 sentiet-0,
981 1229 1166 1306 idest
1215 1230 1290 1304 in
1341 1230 1768 1306 summitate
1820 1231 2108 1328 montis,
2158 1232 2237 1307 in
2286 1233 2625 1328 paradiso
2656 1232 2969 1308 delicia·-

605 1371 806 1445 rum,
835 1351 908 1424 in
942 1349 1090 1426 fine
1124 1349 1502 1444 laborum3
1531 1351 1728 1426 unde
1757 1351 1962 1442 dicit:
1997 1355 2187 1445 quivi
2218 1355 2295 1426 di
2324 1355 2617 1446 riposm·
2648 1357 2955 1428 l’anima

603 1471 723 1546 vel
785 1476 1110 1564 affanuo,
1158 1479 1455 1565 asporta,
1507 1470 1682 1567 quia
1731 1479 1906 1547 ante
1956 1492 2102 1546 non
2150 1472 2430 1568 poteris
2494 1475 2769 1550 habere
2822 1495 2957 1550 ve·-

605 1609 768 1666 ram
821 1591 1178 1686 quietem.
1225 1593 1410 1667 Nam
1464 1613 1638 1667 eum
1691 1594 2109 1688 pervenerit
2139 1594 2233 1668 ad
2266 1594 2544 1669 dictum
2578 1589 2651 1688 (¹)
2702 1597 2957 1671 locum

605 1734 753 1788 non
802 1713 1168 1788 laborabit
1215 1715 1530 1810 amplius
1564 1715 1638 1788 in
1670 1714 2154 1808 ascendendo,
2190 1716 2379 1789 sicut
2420 1716 2721 1812 videbiS,
2756 1717 2979 1811 quod.

605 1835 1069 1912 ascendendo
1119 1855 1252 1930 per
1299 1855 1560 1910 omnes
1607 1855 1860 1930 speras
1908 1835 2076 1910 coeli
2128 1856 2511 1930 nunquam
2548 1837 2763 1933 poeta
2816 1837 2958 1910 fin·-

609 1957 718 2054 git
767 1977 850 2031 se
897 1955 1170 2032 sentire
1219 1956 1588 2049 laborem3
1639 1962 1714 2030 et
1762 1955 1971 2030 dicit:
2004 1951 2134 2048 piei
2165 1978 2311 2030 non
2358 1961 2729 2050 rispond0,
2778 1959 2953 2053 quia

611 2077 790 2152 satis
837 2083 1042 2172 potes
1091 2097 1214 2152 me
1262 2075 1692 2172 intelligere,
1742 2097 1782 2148 e
1829 2083 2065 2168 questo
2113 2097 2194 2150 so
2248 2097 2382 2170 per
2430 2099 2623 2169 vem,
2684 2077 2955 2154 seilicet

609 2217 707 2274 ex
763 2203 966 2272 certa
1023 2195 1324 2272 scientia
1387 2205 1464 2270 et
1523 2195 1970 2291 experientia
2025 2196 2237 2270 faciet
2303 2202 2377 2271 te
2434 2203 2744 2272 certum.
2798 2197 2957 2271 Pri-

607 2337 810 2394 mum
875 2324 1132 2393 autem
1201 2317 1772 2392 amaritudinem
1840 2317 2333 2414 perhorrescit
2408 2325 2671 2414 gustus
2743 2319 2959 2415 pigri,

605 2440 794 2515 simt
843 2439 1090 2514 statim
1143 2438 1418 2534 patebit
1471 2437 1564 2514 de
1623 2457 1774 2512 uno
1838 2438 2261 2534 pigerrimo,
2303 2479 2403 2494 --
2442 2445 2507 2514 E
2550 2461 2763 2514 come.
2824 2440 2955 2516 Hie

605 2567 824 2658 poeta
875 2559 1132 2634 volens
1179 2558 1596 2634 describere
1645 2565 1922 2634 sectam
1982 2559 2367 2656 pigrorum
2419 2562 2677 2657 pulcre
2726 2561 2954 2658 fingit,

607 2682 808 2777 quod
873 2679 1175 2776 Virgilio
1242 2679 1414 2754 talia
1478 2679 1818 2774 dictante,
1877 2687 1952 2755 et
2002 2683 2493 2777 persuadente
2560 2703 2953 2758 ascensum

607 2802 902 2897 montis,
974 2821 1120 2876 uua
1181 2821 1326 2876 vox
1398 2799 1594 2874 venit
1649 2799 1741 2874 de
1810 2806 2231 2877 transverso
2280 2803 2375 2877 ad
2424 2803 2955 2878 dissuasionem

608 2922 853 2998 huius.
906 2921 1115 2996 Unde
1159 2921 1370 2995 dicit:
1421 2942 1466 2992 e
1507 2922 1864 3012 com'eyli‘,
1898 2920 2171 2996 scilicet
2222 2922 2583 3019 VirgiliuS,
2620 2925 2779 2996 ebbe
2822 2944 2956 2997 sua

597 3046 872 3136 par-ola
921 3045 1136 3132 detta,
1171 3063 1318 3115 una
1368 3061 1533 3114 voce
1579 3043 1656 3114 di
1697 3061 1948 3135 presso
1994 3034 2191 3116 εοηό.
2235 3043 2365 3116 Hic
2414 3051 2524 3129 est
2574 3043 2952 3119 sciendum

607 3164 810 3259 quod
862 3163 999 3237 ista
1049 3162 1185 3236 fuit
1233 3183 1380 3237 vox
1428 3160 1814 3237 cuiusdam
1867 3162 2074 3260 pigri,
2127 3164 2254 3257 qui
2306 3171 2613 3239 vocatus
2663 3172 2773 3240 est
2834 3163 2963 3236 Bi-

611 3286 856 3380 laqua.
909 3285 1052 3356 Iste
1100 3282 1236 3356 fuit
1261 3273 1336 3374 (²)
1387 3282 1484 3356 de
1530 3281 1925 3384 Florentia,
1974 3283 2101 3376 qui
2156 3283 2467 3358 faciebat
2514 3282 2831 3359 citharas
2881 3287 2959 3359 et

607 3407 754 3483 alia
803 3405 1292 3481 instrumenta
1345 3403 1652 3499 musica,
1703 3401 1900 3479 unde
1960 3425 2134 3480 cum
2200 3425 2468 3500 magna
2526 3426 2709 3480 cura
2760 3404 2957 3480 scul-

609 3529 832 3625 pebat
895 3532 972 3601 et
1039 3525 1397 3600 incidebat
1465 3526 1652 3601 colia
1711 3533 1788 3601 et
1849 3526 2084 3622 capita
2147 3526 2625 3620 cithararum,
2686 3533 2763 3601 et
2822 3526 2959 3601 ali-

611 3647 909 3744 quando
959 3645 1180 3727 etiam
1232 3645 1588 3742 pulsabat.
1641 3646 1812 3721 Ideo
1845 3646 2114 3721 Dantes
2149 3645 2602 3721 familiariter
2650 3653 2965 3722 noverat

467 3822 512 3851 .-
611 3790 814 3862 eum,
867 3767 1041 3862 quia
1091 3765 1496 3843 delectatus
1545 3774 1658 3843 est
1719 3767 1793 3841 in
1850 3786 2071 3860 sono;
2126 3767 2325 3841 unde
2382 3766 2569 3840 sicut
2617 3768 2967 3864 superius

612 3890 688 3965 in
738 3888 1064 3965 secundo
1111 3888 1431 3984 capitulo
1479 3887 1720 3984 posuit
1770 3908 2008 3961 unum
2049 3886 2375 3961 amicum
2418 3894 2825 3981 cantorem,
2861 3888 2961 3963 ita

613 4028 818 4087 nunc
863 4010 1066 4106 ponit
1119 4009 1350 4085 alium
1401 3998 1948 4102 sonitorem(³);
2007 4016 2083 4083 et
2149 4008 2321 4104 quia
2376 4020 2684 4087 noverat
2735 4010 2958 4083 istum

617 4140 772 4207 tam
841 4132 1136 4227 pigrum
1203 4130 1298 4205 ad
1357 4128 1630 4223 omnia,
1681 4146 1830 4203 uon
1891 4134 2140 4204 tamen
2210 4150 2547 4223 pravum,
2598 4128 2727 4204 sed
2786 4128 2961 4203 satis

619 4272 920 4349 purum,
971 4250 1136 4325 ideo
1185 4268 1358 4323 cum
1413 4248 1605 4323 bona
1655 4248 2094 4323 conscientia
2130 4249 2337 4344 fingit
2372 4248 2607 4344 ipsum
2645 4250 2957 4324 salvum.

619 4371 804 4446 Dicit
851 4389 1036 4465 ergo
1087 4390 1232 4443 vox
1284 4368 1490 4443 eius:
1553 4373 1756 4462 forse
1797 4371 1924 4441 che
1983 4371 2060 4443 di
2113 4371 2319 4441 seder
2380 4372 2457 4442 in
2514 4371 2684 4461 pria
2749 4370 2963 4441 avrai

619 4495 962 4580 (Βαναία,
1013 4488 1220 4584 quasi
1272 4488 1498 4563 dieat:
1546 4488 1950 4582 antequam
2001 4489 2385 4584 pervenias
2435 4490 2527 4563 ad
2576 4488 2963 4573 summita-

622 4619 770 4687 tem
821 4628 1128 4685 suavem
1182 4608 1484 4685 habebis
1533 4608 1946 4683 necessario
1984 4628 2256 4703 ponere
2292 4616 2367 4684 te
2399 4609 2493 4683 ad
2533 4609 2961 4705 sedendum,

618 4731 808 4807 sieut
845 4731 1004 4826 jam
1055 4736 1132 4803 te
1181 4728 1478 4824 posuisti
1531 4728 1787 4822 semel,
1839 4727 2046 4823 quasi
2097 4728 2289 4803 dieat
2336 4728 2659 4804 irrisive:
2698 4736 2777 4802 tu
2816 4749 2967 4803 non

618 4874 702 4927 es
745 4850 990 4927 adhuc
1039 4849 1158 4925 ibi.
1209 4850 1302 4923 Et
1347 4848 1660 4924 ostendit
1713 4856 1925 4945 poeta
1969 4848 2343 4944 quomodo
2376 4848 2756 4924 devenerit
2778 4837 2853 4941 (⁴)
2889 4848 2963 4923 in

743 5041 800 5103 (¹)
831 5040 894 5090 Β·
925 5038 1248 5102 Pfflfficlnm·
1862 5038 1919 5101 (²)
1949 5038 2001 5090 S.
2031 5045 2162 5090 erat.

745 5116 802 5181 (⁸)
833 5116 896 5167 B·
927 5120 1242 5167 mmmmm.
1863 5116 1918 5178 (⁸)
1949 5119 2057 5177 1¹⁷,
2091 5117 2430 5167 devenerunt.
