4392 6850
1214 869 1491 925 cAN'rus
1540 870 1857 927 nmmos
1904 872 2275 927 ammos
2773 860 2918 927 ⁴67

575 1037 733 1093 sam
786 994 1177 1093 materiam
1230 1015 1477 1112 incipit
1520 1036 1569 1093 a
1616 1016 1941 1111 quodam
2004 1016 2330 1113 generali
2381 1016 2734 1114 principio
2785 1037 2920 1092 ne-

577 1137 896 1213 censurio
952 1138 1053 1211 ad
1125 1137 1333 1211 istam
1404 1135 1963 1213 distinctionem.
2025 1137 2113 1211 Et
2170 1137 2276 1213 ad
2343 1137 2916 1213 declarationem

578 1258 781 1333 istius
830 1258 1063 1333 literae
1110 1256 1321 1333 fortis
1370 1263 1659 1351 oportet
1706 1257 1947 1353 primo
1976 1258 2193 1352 scire,
2237 1258 2436 1352 quod
2487 1264 2598 1333 est
2643 1259 2916 1353 duplet

577 1400 813 1475 amor,
862 1368 1135 1453 scilicet
1192 1377 1567 1471 naturalia,
1626 1377 1805 1471 quia
1852 1378 2101 1453 onmia
2152 1379 2587 1454 naturaliter
2638 1379 2919 1455 bonum

578 1506 931 1596 appetunt
980 1506 1055 1575 et
1080 1495 1157 1591 (¹)
1207 1500 1495 1592 lueem3
1546 1497 1735 1573 alius
1798 1505 1910 1573 est
1958 1498 2322 1593 animalis,
2375 1499 2530 1573 sive
2579 1500 2922 1577 volunta-

472 1630 475 1633 ’
582 1620 756 1695 r-ius.
807 1620 1099 1694 Primus
1150 1639 1299 1693 non
1347 1624 1585 1713 potest
1632 1636 1799 1693 esse
1843 1636 2073 1693 eausa
2118 1619 2436 1714 peccati3
2473 1619 2604 1695 sed
2651 1641 2924 1697 secun·-

582 1739 719 1815 dus
778 1739 882 1814 sic
949 1738 1461 1833 diversimode,
1524 1744 1824 1833 propter
1877 1737 2165 1831 arbitrii
2231 1738 2672 1827 libertatem,
2733 1740 2924 1815 sicut

582 1880 757 1935 mm
807 1860 973 1954 quis
1018 1866 1231 1934 amat
1276 1878 1461 1952 rem,
1512 1878 1685 1953 quae
1732 1878 1882 1933 non
1930 1857 2149 1933 debet
2186 1859 2448 1952 amari,
2483 1860 2610 1934 sed
2643 1861 2777 1935 sibi
2814 1862 2926 1936 vi·-

582 1980 796 2055 detur
844 1980 1063 2073 bona,
1112 1980 1303 2053 sicut
1350 1978 1923 2054 destructionem
1978 1978 2332 2072 proximi:
2368 1980 2486 2054 vel
2527 1986 2730 2055 amat
2763 2000 2926 2056 rm

580 2101 975 2176 amabilem
1036 2100 1167 2175 sed
1230 2099 1445 2173 nimis
1492 2098 1939 2174 inordinate:
1994 2100 2114 2173 vel
2160 2105 2367 2173 amat
2419 2120 2580 2174 rem
2631 2120 2930 2177 summe

583 2221 1000 2316 amabilem,
1050 2220 1179 2297 sed
1230 2221 1537 2296 remisse
1581 2226 1663 2295 et
1709 2219 1904 2295 lente
1936 2218 2125 2295 sicut
2156 2225 2360 2315 patet
2407 2220 2484 2295 in
2533 2220 2766 2295 litera.
2803 2222 2930 2295 Di-

585 2342 683 2417 cit
730 2360 913 2439 ergo
963 2348 1219 2436 poeta:
1269 2346 1345 2417 et
1396 2340 1517 2415 ille
1565 2340 1929 2436 VirgiliuS,
1963 2332 2326 2430 comino-id,
2361 2341 2642 2437 supple,
2683 2342 2930 2418 dicere

586 2461 809 2535 mibi:
867 2464 1141 2555 fiyliuol
1198 2463 1367 2551 mio,
1422 2454 1517 2535 mi
1572 2464 1895 2552 Creator,
1952 2460 2230 2536 scilicet
2285 2461 2505 2556 Deus,
2563 2460 2658 2537 πό
2721 2483 2936 2535 crea-

590 2587 779 2671 tin-a,
830 2601 950 2656 res
980 2572 1057 2673 (¹)
1108 2588 1357 2655 creata
1422 2600 1467 2653 a
1531 2580 1709 2673 Deo,
1760 2579 1969 2674 (masi
2028 2579 2260 2655 dicat:
2311 2580 2486 2655 nihil
2541 2581 2619 2655 in
2671 2600 2927 2657 rerum

592 2702 875 2796 natura,
940 2706 1021 2795 fit
1088 2705 1235 2775 mai
1282 2721 1509 2775 senza
1568 2722 1841 2791 amore,
1904 2706 1983 2775 et
2052 2720 2226 2775 eece
2283 2702 2696 2795 quomodo:
2748 2724 2795 2776 o
2853 2704 2934 2777 ἃ

590 2829 851 2896 ηαωνα
912 2844 957 2897 o
1016 2824 1086 2895 α’
1106 2824 1371 2913 ammo,
1423 2820 1599 2915 quia
1646 2820 1895 2895 omnia
1954 2821 2075 2895 vel
2136 2821 2569 2896 naturaliter
2627 2824 2748 2897 vel
2793 2842 2932 2897 vo·-

593 2941 907 3017 luntarie
955 2948 1209 3016 amant
1260 2942 1564 3036 bonum,
1614 2947 1693 3017 et
1758 2940 1966 3015 dieit:
2028 2962 2065 3013 e
2120 2947 2193 3015 tu
2248 2942 2303 3015 il
2358 2944 2496 3033 sai,
2547 2947 2929 3036 tamquam

592 3062 829 3137 bonus
878 3062 1347 3157 philosophus
1405 3070 1482 3137 et
1546 3061 1950 3159 theologus.
2002 3063 2157 3136 Hoc
2217 3063 2744 3157 praesupposito
2801 3062 2933 3139 de-

594 3182 818 3257 clarat
866 3182 991 3275 qui
1044 3203 1257 3258 amor
1308 3190 1421 3259 est
1468 3203 1695 3257 causa
1743 3182 1943 3275 boni,
1994 3189 2069 3257 et
2119 3182 2247 3277 qui
2297 3202 2522 3259 causa
2577 3184 2772 3278 mali,
2823 3183 2934 3259 di·-

595 3321 805 3377 cens:
858 3305 927 3375 lo
982 3305 1297 3397 namra,
1372 3302 1575 3396 idest,
1624 3322 1843 3377 amor
1902 3323 1997 3378 ex
2064 3302 2468 3379 intentione
2537 3310 2847 3399 naturae,
2885 3300 2940 3379 e

593 3443 864 3516 senupre
892 3445 1111 3498 senza
1142 3445 1421 3516 mma,
1450 3426 1626 3520 quia
1661 3445 2072 3518 numquam
2107 3424 2422 3500 declinat
2467 3425 2562 3500 ad
2613 3427 2936 3521 malum-3

596 3563 717 3616 ma
782 3545 827 3617 Γ
848 3547 1063 3638 aare,
1130 3545 1437 3639 scilieet,
1502 3565 1721 3620 amor
1784 3545 2204 3640 voluntatis,
2261 3554 2474 3637 puote
2537 3567 2756 3621 errar
2803 3567 2940 3641 per

597 3665 787 3736 malo
834 3665 1148 3757 obbieuo,
1187 3665 1391 3759 quod
1438 3663 1731 3754 videtur
1762 3663 1895 3739 sibi
1932 3665 2211 3740 bonum
2264 3670 2342 3740 et
2391 3685 2538 3741 non
2579 3673 2710 3742 oet.
2751 3668 2938 3742 Nam

599 3783 879 3858 malum
930 3783 1007 3858 in
1054 3790 1415 3878 quantum
1464 3782 1509 3828 ’¹‘
1535 3784 1817 3860 malum
1866 3786 2102 3860 amari
2153 3807 2302 3860 non
2365 3793 2630 3883 potest,
2687 3789 2814 3864 sed
2863 3787 2940 3862 in

600 3907 961 3998 quantum
986 3901 1029 3946 ’¹‘
1054 3893 1133 3996 (³)
1164 3923 1525 4000 apparens
1572 3905 1890 3978 honum:
1926 3905 2298 3980 obiectum
2351 3907 2552 3981 enim
2603 3915 2714 3982 est
2761 3907 2940 3981 illud

602 4022 799 4118 quod
848 4023 1091 4118 primo
1126 4021 1463 4100 occurrit
1510 4023 1877 4120 potentian,
1915 4025 2107 4099 sicut
2156 4026 2363 4100 color
2411 4031 2524 4100 est
2570 4025 2938 4101 obiectum

602 4144 825 4240 visus,
851 4151 927 4220 et
960 4145 1235 4220 bonum
1270 4152 1385 4220 est
1415 4145 1787 4221 obiectum
1822 4145 2220 4220 voluntatis
2249 4133 2364 4239 (⁴):
2401 4165 2582 4242 ergo
2613 4167 2745 4241 per
2777 4165 2942 4220 ma·-

603 4265 761 4340 lum
794 4265 1165 4340 obiectum
1198 4264 1519 4362 intellige
1552 4265 1819 4340 falsum
1854 4265 2159 4358 bouum,
2186 4265 2376 4340 sieut
2400 4265 2696 4360 quando
2733 4285 2944 4340 ama-

607 4403 773 4461 mus
830 4386 1402 4461 destruntionem
1466 4386 1805 4481 proximi,
1853 4407 2025 4481 quae
2086 4385 2380 4462 videtur
2447 4385 2658 4461 nohis
2725 4383 2944 4480 utilis,

604 4508 795 4583 sient
842 4507 1087 4582 statim
1138 4507 1443 4582 dicetur.
1488 4507 1899 4602 Alimando
1936 4526 2152 4582 amor
2184 4513 2424 4602 potest
2455 4527 2714 4582 errare
2750 4507 2944 4582 circa

608 4627 979 4704 effectum
1030 4627 1309 4702 bonum
1339 4627 1661 4702 amando
1688 4627 2033 4724 indebite,
2068 4628 2258 4703 siem
2293 4627 2614 4704 amando
2663 4628 2948 4704 divitim

735 4852 789 4916 (¹)
820 4852 885 4905 E.
914 4865 945 4903 e
981 4856 1089 4915 117,
1123 4852 1254 4903 bona
1287 4857 1536 4917 appetunt
1565 4856 1619 4903 et
1651 4852 1887 4904 salutem.
2193 4853 2248 4916 (⁰)
2280 4853 2342 4904 E.
2374 4853 2570 4904 scilieet
2600 4866 2700 4904 res.

733 4926 787 4990 (Ἴ
820 4928 893 4978 Le
926 4928 1105 4991 parole
1136 4927 1216 4979 fra
1248 4928 1267 4978 i
1298 4928 1399 4978 due
1432 4927 1699 4978 asteriscbi
1730 4940 1859 4978 sono
1890 4928 2114 4992 supplite
2145 4929 2230 4979 dni
2260 4927 2436 4980 codici
2472 4931 2562 4979 117
2594 4942 2626 4979 e
2659 4929 2889 4982 Buten-e.

736 5005 793 5070 (⁸)
822 5010 935 5065 117,
968 5005 1263 5070 vol-putis-
