4392 6850
1509 914 1645 981 140
2227 925 2634 981 commun
2683 927 3119 982 PURGATonn

1499 1305 1831 1374 CANTUS
1879 1304 2275 1385 QUINTUS,
2323 1308 2395 1371 in
2439 1327 2560 1389 quo
2605 1312 2840 1373 tractat
2898 1308 2975 1374 de
3031 1308 3367 1391 spiritibus
3421 1307 3682 1373 illorum
3738 1311 3849 1391 qui

1653 1420 1914 1502 fuerunt
1956 1419 2276 1500 interfecti
2332 1420 2447 1485 sub
2507 1419 2688 1485 titulo
2747 1419 3101 1499 maltorum,
3161 1426 3221 1486 et
3278 1421 3554 1486 maxim
3609 1421 3849 1485 domini

1571 1510 1576 1517 ⁵
1662 1529 2011 1596 Gusllielmi
2055 1531 2132 1596 de
2176 1530 2388 1609 Fano,
2421 1533 2529 1612 qui
2574 1551 2712 1596 cum
2750 1530 2968 1597 Dante
3018 1532 3218 1597 multa
3261 1533 3567 1609 recitavit,
3628 1537 3688 1596 et
3732 1532 3847 1597 sub

1657 1642 1838 1707 titulo
1883 1641 2255 1720 Βοηοοηιὶε,
2300 1647 2360 1707 et
2403 1643 2480 1708 de
2521 1643 2703 1708 modo
2755 1664 2889 1709 suae
2930 1645 3187 1724 mortis3
3234 1649 3295 1708 et
3337 1645 3410 1708 in
3457 1644 3585 1724 fine
3630 1643 3849 1726 aliqua

1658 1775 1795 1819 cum
1839 1753 1906 1819 la
1950 1753 2083 1820 Pia
2127 1755 2205 1819 de
2250 1753 2431 1819 Senis
2473 1755 2780 1821 recitavit.

1650 2045 1772 2212 I
1758 2163 1807 2213 o
1837 2164 1980 2214 Ena
2019 2135 2140 2233 9ἱὰ
2175 2147 2274 2217 da
2306 2147 2522 2235 quelle
2554 2145 2793 2216 ombrc
2822 2148 3110 2236 partito.
3163 2144 3560 2237 Postquam
3595 2142 3672 2216 in
3710 2163 3839 2216 su-

1501 2262 1771 2357 periori
1821 2264 2141 2359 capitulo
2185 2263 2523 2358 proxime
2555 2263 2994 2358 praecedenti
3033 2271 3244 2358 poeta
3289 2258 3535 2338 noster
3574 2270 3846 2343 tracta-

1501 2385 1605 2458 vit
1654 2391 1730 2459 et
1776 2384 2289 2459 determinavit
2340 2385 2433 2459 de
2486 2386 2701 2460 tertia
2751 2384 2991 2480 specie
3032 2384 3556 2482 negligentium
3610 2383 3845 2479 poeni-

1501 2505 1803 2578 tentiam
1873 2505 2024 2578 sola
2086 2504 2374 2599 pigritia
2439 2505 2781 2599 naturali,
2843 2526 3042 2580 nunc
3098 2512 3638 2599 consequenter
3696 2505 3846 2602 agit

1499 2638 1574 2703 et
1625 2632 1888 2700 tractat
1922 2625 2015 2700 de
2049 2632 2314 2719 quarta
2366 2625 2608 2722 specie
2648 2646 2943 2718 eorum,
2981 2626 3109 2720 qui
3148 2627 3592 2701 distulerunt
3632 2647 3841 2700 suam

1501 2739 2055 2822 conversionem
2110 2745 2201 2820 ad
2254 2746 2490 2820 Deum
2546 2746 2897 2841 praeventi
2952 2755 3193 2820 morte
3236 2745 3571 2821 violenta.
3610 2746 3699 2819 Et
3733 2752 3843 2818 to—

1503 2874 1661 2941 tum
1715 2866 1905 2939 istud
1957 2866 2357 2960 capitulum
2414 2867 2757 2960 quintum
2798 2866 3143 2941 dividitur
3195 2866 3265 2940 in
3318 2873 3643 2961 quatuor
3676 2886 3843 2961 par-

1502 2995 1611 3064 tes
1656 2987 2059 3084 generales
2096 2988 2176 3058 ln
2211 2987 2449 3082 prima
2483 3007 2807 3081 quarum
2844 2993 3054 3081 poeta
3092 2986 3181 3060 ad
3219 2987 3839 3080 complementum

1503 3113 1854 3182 tractatus
1906 3106 2381 3201 praecedentis
2431 3093 2773 3181 describit
2824 3107 3212 3201 specialem
3267 3114 3516 3181 actum
3578 3126 3842 3201 supra-

1502 3227 1864 3300 dictarum
1916 3225 2336 3300 animarum
2390 3247 2570 3322 erga
2621 3248 2726 3321 se,
2764 3233 2840 3301 et
2888 3227 3002 3300 sui
3054 3249 3232 3324 erga
3285 3227 3442 3302 illos
3501 3247 3675 3302 cum
3728 3226 3839 3299 in·

1501 3346 1920 3441 crepatione
1952 3345 2249 3442 Virgilii.
2288 3346 2366 3419 ln
2403 3347 2724 3424 secunda
2767 3346 3108 3423 describit
3144 3354 3484 3443 quartam
3520 3347 3837 3443 speciem

1499 3468 1920 3541 animarum
1990 3468 2488 3562 relegatarum
2550 3473 2762 3543 extra
2824 3469 3364 3564 purgatorium,
3416 3476 3491 3543 et
3554 3488 3843 3543 morem

1500 3609 1759 3676 earum
1797 3588 1888 3662 ad
1925 3609 2025 3681 se,
2063 3588 2203 3661 ibi:
2240 3594 2305 3661 E
2332 3592 2622 3661 intanto.
2674 3589 2757 3662 In
2809 3589 3022 3663 tertia
3065 3588 3402 3663 describit
3446 3588 3517 3662 in
3552 3587 3845 3684 speciali

1499 3707 1822 3784 animam
1879 3708 2096 3781 unius
2149 3708 2479 3783 moderni
2534 3707 2657 3802 qui
2712 3714 2963 3782 narrat
3026 3708 3328 3783 modum
3379 3729 3533 3781 suae
3590 3708 3848 3782 mortis

1499 3830 1862 3921 violentae,
1891 3828 2026 3902 ibi:
2062 3836 2151 3903 Ec
2180 3852 2321 3902 uno
2355 3822 2784 3904 incomincio.
2823 3831 2902 3903 ln
2940 3836 3206 3924 quarta
3240 3829 3583 3904 describit
3613 3830 3862 3905 alium·

1501 3949 1836 4045 spiritum
1893 3950 2357 4045 modernum,
2403 3951 2526 4044 qui
2566 3957 2817 4025 narrat
2851 3951 3163 4025 sormam
3200 3972 3355 4024 suae
3394 3951 3651 4025 mortis
3688 3950 3843 4025 vio-

1470 4073 1718 4179 -lentae
1766 4079 1840 4146 et
1890 4073 2294 4166 sepulturae
2332 4071 2739 4168 incognitae,
2777 4072 2911 4145 ibi:
2956 4075 3082 4144 Poi
3120 4075 3307 4145 disse
3344 4093 3439 4144 nm
3490 4075 3696 4145 altro.
3735 4070 3840 4145 Ad

1500 4193 1822 4289 primum
1879 4193 2178 4267 veniens
2228 4193 2414 4286 dico,
2467 4193 2662 4286 quod
2713 4201 2929 4287 poeta
2993 4193 3084 4267 ad
3145 4192 3547 4286 pleniorem
3601 4191 3841 4287 perse·

1500 4313 1814 4388 ctionem
1870 4314 2097 4410 tangit
2148 4313 2388 4387 adhuc
2439 4312 2710 4406 aliquid
2746 4313 2837 4387 de
2874 4313 3181 4388 materia
3218 4312 3653 4408 supradicta.
3691 4315 3838 4388 Nec

1500 4434 1836 4509 videatur
1888 4435 2011 4508 tibi
2067 4434 2525 4527 superfluum
2566 4429 2635 4506 'si
2688 4440 2900 4527 poeta
2967 4433 3268 4508 reflectit
3328 4455 3408 4508 se
3457 4433 3549 4508 ad
3604 4441 3841 4509 mate·

1500 4554 1683 4626 riam
1736 4560 2299 4648 pertractatam3
2338 4575 2507 4627 nam
2561 4553 2617 4627 si
2671 4555 2810 4627 hoc
2865 4573 3009 4627 non
3062 4553 3366 4648 fecisset,
3408 4554 3594 4628 ordo
3630 4555 3842 4629 datus

1501 4673 1885 4748 videbatur
1936 4674 2427 4769 imperfectuS,
2465 4674 2636 4769 quia
2690 4695 2824 4768 per
2858 4681 3096 4748 totum
3135 4675 3500 4748 infernum
3548 4696 3693 4749 non
3732 4674 3841 4748 in-

1501 4792 1698 4868 venit
1766 4799 2038 4868 sectam
2103 4794 2450 4888 aliquam,
2514 4816 2682 4888 quae
2747 4815 2892 4869 non
2960 4795 3361 4870 miraretur
3423 4795 3620 4888 quod
3692 4794 3844 4889 ipse

1501 4914 1712 4988 vivus
1765 4913 1903 4989 iret
1938 4935 2068 5009 per
2103 4923 2378 4990 terram
2428 4923 2930 5009 mortuorum3
2966 4921 3041 4990 et
3096 4916 3267 4989 illud
3322 4916 3512 4991 idem
3569 4917 3843 5011 reperit

1501 5034 1575 5107 in
1621 5034 2046 5130 purgatorio
2098 5036 2505 5130 hucusque.
2547 5036 2630 5108 Et
2673 5034 2843 5129 quia
2880 5035 2972 5109 de
3006 5036 3489 5111 admiratione
3530 5037 3840 5112 istorum
