4392 6850
1388 641 1667 699 CANTUS
1714 618 2117 700 molismus
2791 634 2932 703 535

587 784 897 860 Sciarrae
928 777 1033 881 (⁴);
1062 785 1201 880 vel,
1232 793 1315 859 ut
1348 786 1571 882 aliqui
1610 786 1882 882 dicunt,
1911 789 2099 865 inter
2134 789 2558 885 cardinales,
2587 792 2760 885 quia
2799 812 2934 865 vo-

588 906 748 979 lunt
797 905 995 999 quod
1041 904 1305 998 aliquis
1354 907 1737 983 cardinalis
1788 908 2008 984 fuerit
2056 910 2392 983 conscius
2455 911 2673 985 huius
2736 910 2926 985 facti.

588 1025 921 1099 Mortuus
970 1031 1223 1100 autem
1294 1031 1405 1101 est
1470 1026 1880 1103 Bonifacius
1934 1028 2011 1101 in
2066 1028 2420 1123 Meceni,
2468 1029 2586 1104 die
2647 1029 2928 1105 duode-

588 1145 781 1221 cima
830 1144 1169 1239 octobriS,
1206 1151 1281 1221 et
1312 1146 1641 1241 sepultus
1692 1146 1765 1221 in
1805 1153 2055 1222 sancto
2095 1147 2336 1223 Petro.
2357 1188 2457 1201 —
2486 1152 2758 1241 Veqmo.
2803 1149 2936 1224 Hic

593 1265 850 1339 ultimo
898 1266 1111 1362 Hugo
1172 1266 1633 1341 subannectit
1682 1266 1881 1342 aliud
1946 1288 2300 1363 magnum
2367 1268 2670 1362 malum,
2735 1268 2936 1362 quod

592 1386 760 1462 fecit
812 1385 1003 1461 idem
1058 1386 1423 1483 Philippus
1472 1394 1729 1462 contra
1782 1387 2137 1480 quosdam
2190 1388 2514 1463 fautores
2563 1388 2930 1463 Bonifacii.

590 1508 679 1582 Et
725 1507 819 1582 ad
868 1506 1335 1607 aperiendam
1388 1506 1600 1581 istam
1654 1506 1969 1601 literam,
2018 1528 2188 1601 quoe
2239 1508 2487 1582 multis
2537 1510 2786 1584 clausa
2823 1509 2935 1582 vi-

590 1626 831 1718 detur,
888 1632 1179 1721 oportet
1241 1626 1429 1700 scire
1489 1626 1868 1702 historiam
1932 1626 2291 1701 memoria
2349 1628 2669 1724 dignam,
2723 1628 2936 1703 cuius

592 1748 749 1822 haec
810 1753 921 1821 est
976 1767 1293 1820 summa.
1352 1746 1665 1834 Quidam
1716 1747 2056 1841 Iacobus,
2110 1747 2556 1845 Burgundus
2625 1749 2932 1845 origine,

588 1886 681 1941 ex
733 1865 1044 1940 dominis
1094 1865 1305 1939 Molai
1352 1866 1669 1961 genituS,
1694 1868 1991 1961 juvenis
2040 1868 2442 1963 animosuS,
2477 1890 2652 1943 cum
2705 1869 2936 1943 frater

590 1984 1121 2083 primogenitus
1170 1984 1577 2061 secundum
1644 1986 2252 2061 consuetudinem
2317 1988 2654 2085 gallicam
2707 1988 2936 2062 habe-

592 2112 707 2181 ret
754 2105 1160 2181 dominium
1212 2106 1572 2199 omnium,
1606 2106 1913 2182 contulit
1962 2128 2044 2182 se
2091 2108 2186 2182 ad
2239 2108 2568 2183 militiam
2623 2110 2934 2206 templa-

595 2225 901 2319 riorum,
940 2226 1067 2320 qui
1117 2231 1327 2301 erant
1378 2226 1621 2323 magni
1683 2226 1965 2322 pugiles
2026 2226 2228 2301 fidei:
2291 2227 2416 2301 ubi
2479 2229 2712 2303 factus
2773 2250 2936 2303 ma-

592 2344 819 2442 gister
844 2346 1033 2421 illius
1058 2345 1329 2421 ordinis
1356 2346 1691 2440 potentiS,
1717 2346 2025 2421 incurrit
2054 2346 2306 2421 odium
2333 2347 2632 2443 Philippi
2666 2348 2934 2441 Pulcri,

596 2464 809 2539 cuius
857 2472 1021 2541 erat
1070 2472 1469 2560 compater,
1521 2464 1695 2559 quia
1758 2464 2143 2540 videbatur
2205 2466 2468 2542 favisse
2524 2466 2934 2560 Bonifaci03

596 2585 724 2660 sed
777 2585 1021 2661 verius
1070 2584 1167 2661 ob
1216 2584 1624 2661 avaritiam.
1677 2586 1979 2660 Factum
2036 2592 2145 2661 est
2211 2606 2414 2683 ergO,
2467 2587 2936 2682 permittente

597 2704 973 2785 Clemente
1011 2705 1071 2778 V
1124 2704 1247 2798 qui
1300 2704 1737 2801 promiserat
1778 2705 2103 2801 Philippo
2135 2706 2703 2781 destructionem
2745 2713 2936 2782 tem-

596 2825 1025 2921 plariorum,
1095 2825 1292 2920 quod
1362 2826 1791 2922 principales
1859 2826 2418 2922 templariorum
2489 2828 2744 2927 eadem
2821 2828 2937 2903 die

599 2946 787 3041 capti
838 2952 1009 3019 sunt
1058 2946 1151 3021 de
1196 2946 1538 3021 mandato
1572 2945 1871 3042 Philippi
1907 2966 2039 3041 per
2072 2966 2296 3021 omne
2332 2967 2643 3043 regnum
2688 2968 2937 3041 suum,

598 3073 673 3141 et
722 3086 984 3141 eorum
1040 3068 1334 3162 templa,
1386 3068 1705 3160 castella,
1760 3066 2107 3159 thesauri,
2143 3074 2218 3142 et
2256 3066 2504 3141 omnia
2555 3076 2930 3162 occupata.

596 3186 879 3273 Quibus
925 3187 1161 3262 ductis
1213 3186 1531 3261 Parisios
1582 3187 1815 3261 multa
1853 3186 2168 3289 *crimina
2215 3186 2499 3263 obiecta
2539 3196 2732 3281 sunt,
2770 3210 2939 3281 quae

598 3306 847 3383 omnia
898 3306 995 3382 illi
1046 3314 1606 3403 perseveranter
1666 3306 2053 3402 negabant,
2104 3306 2450 3401 dicenteS,
2501 3328 2582 3383 se
2643 3314 2940 3383 contra-

602 3429 797 3502 rium
848 3427 1287 3522 probaturos
1338 3427 1475 3500 sub
1514 3427 1719 3521 justo
1758 3427 2031 3522 judice,
2092 3427 2150 3500 si
2219 3427 2544 3504 daretur.
2606 3430 2762 3503 Rex
2831 3429 2942 3502 ira

598 3548 889 3642 ardens,
940 3547 1314 3623 mandavit
1348 3554 1430 3619 ut
1467 3547 1845 3623 tormentis
1890 3553 2487 3641 extorqueretur,
2526 3550 2721 3642 quod
2757 3549 2942 3624 adu-

600 3667 989 3743 lationibus
1042 3687 1185 3742 non
1236 3671 1556 3762 poterat3
1608 3667 1734 3740 sed
1786 3687 1958 3740 cum
2012 3667 2183 3740 nihil
2245 3669 2654 3763 proficeret,
2711 3669 2944 3765 magi-

600 3795 754 3861 stro
804 3807 978 3861 cum
1031 3787 1263 3860 tribus
1310 3785 1521 3861 sociis
1574 3792 1971 3878 reservato,
2022 3786 2274 3860 caeteri
2324 3788 2561 3881 palam
2615 3788 2938 3862 damnati

588 3913 771 3982 'sunt
822 3906 1178 4000 incendi0,
1228 3907 1289 3980 si
1340 3907 1413 3979 in
1464 3905 1831 4001 proposito
1880 3911 2179 3980 starent.
2239 3906 2462 3981 Erant
2505 3929 2764 3982 omnes
2815 3929 2939 3982 ro-

602 4026 793 4102 busti
836 4027 1153 4122 juvenes
1202 4033 1279 4102 et
1324 4025 1668 4100 animosi:
1724 4025 1885 4100 ideo
1920 4025 2264 4100 omnibus
2297 4027 2605 4122 alligatis
2639 4027 2939 4123 singulis

600 4147 781 4243 palis
832 4146 1014 4243 ignis
1065 4153 1177 4220 est
1224 4137 1633 4241 appositus:
1687 4150 1763 4219 et
1812 4164 2150 4238 praecone
2184 4146 2653 4239 promittente
2695 4146 2941 4242 impu-

604 4266 906 4340 nitatem
958 4272 1031 4341 et
1082 4265 1585 4341 liberationem
1628 4263 2159 4358 confitentibuS,
2196 4265 2442 4340 nullus
2482 4265 2715 4361 potuit
2749 4265 2942 4340 flecti

602 4395 893 4461 terrore
943 4387 1060 4460 vel
1109 4405 1349 4480 prece,
1406 4391 1486 4458 ut
1534 4383 1879 4460 cederent
1931 4383 2115 4458 irato
2162 4385 2348 4480 regi,
2382 4391 2456 4459 et
2489 4371 2944 4460 confessione

605 4513 991 4603 parcerent
1042 4506 1211 4580 vitae
1260 4526 1437 4579 suae.
1490 4504 1631 4580 Sed
1688 4525 1859 4578 cum
1913 4524 2169 4579 omnes
2230 4505 2690 4580 concorditer
2749 4525 2946 4600 saepe

730 4764 787 4827 (¹)
818 4764 881 4814 E.
916 4765 1100 4815 Sarrae.
