<?xml version="1.0" encoding="UTF-8"?>
<!DOCTYPE html PUBLIC "-//W3C//DTD XHTML 1.0 Transitional//EN"
    "http://www.w3.org/TR/xhtml1/DTD/xhtml1-transitional.dtd">
<html xmlns="http://www.w3.org/1999/xhtml" xml:lang="en" lang="en">
 <head>
  <title>
</title>
<meta http-equiv="Content-Type" content="text/html;charset=utf-8" />
  <meta name='ocr-system' content='tesseract 3.04.00' />
  <meta name='ocr-capabilities' content='ocr_page ocr_carea ocr_par ocr_line ocrx_word'/>
</head>
<body>
  <div class='ocr_page' id='page_1' title='image "./comentumsuperda02unkngoog_0479.png"; bbox 0 0 4392 6850; ppageno 0'>
   <div class='ocr_carea' id='block_1_1' title="bbox 1501 954 3119 1026">
    <p class='ocr_par' dir='ltr' id='par_1_1' title="bbox 1501 954 3119 1026">
     <span class='ocr_line' id='line_1_1' title="bbox 1501 954 3119 1026; baseline -0.006 0"><span class='ocrx_word' id='word_1_1' title='bbox 1501 954 1644 1026; x_wconf 73' lang='lat'>458</span> <span class='ocrx_word' id='word_1_2' title='bbox 1861 996 1867 1002; x_wconf 89' lang='lat'><em>-</em></span> <span class='ocrx_word' id='word_1_3' title='bbox 2226 965 2632 1023; x_wconf 72' lang='lat' dir='ltr'>coMEN&#39;ruu</span> <span class='ocrx_word' id='word_1_4' title='bbox 2680 963 3119 1020; x_wconf 67' lang='lat' dir='ltr'>runexronu</span> 
     </span>
    </p>
   </div>
   <div class='ocr_carea' id='block_1_2' title="bbox 1391 1105 3845 4935">
    <p class='ocr_par' dir='ltr' id='par_1_2' title="bbox 1391 1105 3845 4935">
     <span class='ocr_line' id='line_1_2' title="bbox 1494 1105 3837 1209; baseline -0.002 -22"><span class='ocrx_word' id='word_1_5' title='bbox 1494 1112 1666 1209; x_wconf 86' lang='lat' dir='ltr'>gina</span> <span class='ocrx_word' id='word_1_6' title='bbox 1718 1111 2064 1207; x_wconf 86' lang='lat' dir='ltr'>requisita</span> <span class='ocrx_word' id='word_1_7' title='bbox 2099 1133 2144 1186; x_wconf 97' lang='lat' dir='ltr'>a</span> <span class='ocrx_word' id='word_1_8' title='bbox 2185 1130 2367 1206; x_wconf 78' lang='lat' dir='ltr'>rege</span> <span class='ocrx_word' id='word_1_9' title='bbox 2408 1109 2583 1204; x_wconf 87' lang='lat' dir='ltr'>quid</span> <span class='ocrx_word' id='word_1_10' title='bbox 2620 1108 2857 1202; x_wconf 87' lang='lat' dir='ltr'>vellet,</span> <span class='ocrx_word' id='word_1_11' title='bbox 2896 1105 3149 1202; x_wconf 87' lang='lat' dir='ltr'>petivit</span> <span class='ocrx_word' id='word_1_12' title='bbox 3180 1105 3689 1182; x_wconf 80' lang='lat' dir='ltr'><strong>liberationem</strong></span> <span class='ocrx_word' id='word_1_13' title='bbox 3708 1108 3837 1184; x_wconf 78' lang='lat' dir='ltr'>,sui</span> 
     </span>
     <span class='ocr_line' id='line_1_3' title="bbox 1391 1225 3839 1332; baseline -0.003 -26"><span class='ocrx_word' id='word_1_14' title='bbox 1391 1329 1394 1332; x_wconf 9' lang='lat' dir='ltr'><em>q</em></span> <span class='ocrx_word' id='word_1_15' title='bbox 1493 1231 1742 1328; x_wconf 92' lang='lat' dir='ltr'>populi</span> <span class='ocrx_word' id='word_1_16' title='bbox 1794 1231 2068 1314; x_wconf 85' lang='lat' dir='ltr'>hebraei</span> <span class='ocrx_word' id='word_1_17' title='bbox 2119 1249 2347 1324; x_wconf 89' lang='lat' dir='ltr'>quem</span> <span class='ocrx_word' id='word_1_18' title='bbox 2395 1232 2632 1310; x_wconf 83' lang='lat' dir='ltr'>Aman</span> <span class='ocrx_word' id='word_1_19' title='bbox 2682 1228 3176 1304; x_wconf 86' lang='lat' dir='ltr'>destinaverat</span> <span class='ocrx_word' id='word_1_20' title='bbox 3210 1225 3452 1300; x_wconf 88' lang='lat' dir='ltr'>morti.</span> <span class='ocrx_word' id='word_1_21' title='bbox 3489 1227 3647 1302; x_wconf 84' lang='lat' dir='ltr'>Rex</span> <span class='ocrx_word' id='word_1_22' title='bbox 3693 1227 3839 1300; x_wconf 88' lang='lat' dir='ltr'>ira-</span> 
     </span>
     <span class='ocr_line' id='line_1_4' title="bbox 1497 1347 3839 1450; baseline -0.003 -22"><span class='ocrx_word' id='word_1_23' title='bbox 1497 1361 1618 1428; x_wconf 92' lang='lat' dir='ltr'>tus</span> <span class='ocrx_word' id='word_1_24' title='bbox 1681 1373 1993 1450; x_wconf 83' lang='lat' dir='ltr'><strong>surgens</strong></span> <span class='ocrx_word' id='word_1_25' title='bbox 2059 1351 2359 1427; x_wconf 88' lang='lat' dir='ltr'>intravit</span> <span class='ocrx_word' id='word_1_26' title='bbox 2424 1349 2880 1443; x_wconf 83' lang='lat' dir='ltr'>viridarium,</span> <span class='ocrx_word' id='word_1_27' title='bbox 2930 1353 3006 1424; x_wconf 91' lang='lat' dir='ltr'>et</span> <span class='ocrx_word' id='word_1_28' title='bbox 3054 1347 3291 1425; x_wconf 81' lang='lat' dir='ltr'>Aman</span> <span class='ocrx_word' id='word_1_29' title='bbox 3338 1347 3663 1424; x_wconf 86' lang='lat' dir='ltr'>territus</span> <span class='ocrx_word' id='word_1_30' title='bbox 3712 1347 3839 1421; x_wconf 78' lang='lat' dir='ltr'>ivit</span> 
     </span>
     <span class='ocr_line' id='line_1_5' title="bbox 1499 1471 3838 1578; baseline -0.003 -29"><span class='ocrx_word' id='word_1_31' title='bbox 1499 1495 1762 1549; x_wconf 84' lang='lat' dir='ltr'>versus</span> <span class='ocrx_word' id='word_1_32' title='bbox 1813 1472 2145 1570; x_wconf 86' lang='lat' dir='ltr'>reginam</span> <span class='ocrx_word' id='word_1_33' title='bbox 2202 1478 2282 1545; x_wconf 91' lang='lat' dir='ltr'>ut</span> <span class='ocrx_word' id='word_1_34' title='bbox 2332 1471 2657 1566; x_wconf 89' lang='lat' dir='ltr'>placaret</span> <span class='ocrx_word' id='word_1_35' title='bbox 2707 1490 2915 1578; x_wconf 85' lang='lat' dir='ltr'>eam:</span> <span class='ocrx_word' id='word_1_36' title='bbox 2970 1474 3045 1544; x_wconf 88' lang='lat' dir='ltr'>et</span> <span class='ocrx_word' id='word_1_37' title='bbox 3094 1488 3271 1544; x_wconf 91' lang='lat' dir='ltr'>ecce</span> <span class='ocrx_word' id='word_1_38' title='bbox 3316 1488 3455 1546; x_wconf 80' lang='lat' dir='ltr'>rex</span> <span class='ocrx_word' id='word_1_39' title='bbox 3497 1489 3838 1544; x_wconf 87' lang='lat' dir='ltr'>reversus</span> 
     </span>
     <span class='ocr_line' id='line_1_6' title="bbox 1496 1589 3837 1688; baseline -0.002 -22"><span class='ocrx_word' id='word_1_40' title='bbox 1496 1594 1571 1667; x_wconf 93' lang='lat' dir='ltr'>in</span> <span class='ocrx_word' id='word_1_41' title='bbox 1621 1593 2046 1669; x_wconf 88' lang='lat' dir='ltr'>cubiculum</span> <span class='ocrx_word' id='word_1_42' title='bbox 2100 1592 2374 1688; x_wconf 90' lang='lat' dir='ltr'>reperit</span> <span class='ocrx_word' id='word_1_43' title='bbox 2422 1591 2659 1664; x_wconf 88' lang='lat' dir='ltr'>Aman</span> <span class='ocrx_word' id='word_1_44' title='bbox 2712 1590 2838 1684; x_wconf 88' lang='lat' dir='ltr'>qui</span> <span class='ocrx_word' id='word_1_45' title='bbox 2890 1595 3279 1668; x_wconf 88' lang='lat' dir='ltr'>corruerat</span> <span class='ocrx_word' id='word_1_46' title='bbox 3327 1608 3553 1683; x_wconf 87' lang='lat' dir='ltr'>super</span> <span class='ocrx_word' id='word_1_47' title='bbox 3602 1589 3837 1663; x_wconf 87' lang='lat' dir='ltr'>lectu-</span> 
     </span>
     <span class='ocr_line' id='line_1_7' title="bbox 1497 1708 3835 1808; baseline -0.002 -20"><span class='ocrx_word' id='word_1_48' title='bbox 1497 1714 1653 1789; x_wconf 89' lang='lat' dir='ltr'>lum</span> <span class='ocrx_word' id='word_1_49' title='bbox 1707 1713 1782 1788; x_wconf 91' lang='lat' dir='ltr'>in</span> <span class='ocrx_word' id='word_1_50' title='bbox 1831 1732 1983 1808; x_wconf 90' lang='lat' dir='ltr'>quo</span> <span class='ocrx_word' id='word_1_51' title='bbox 2031 1712 2329 1789; x_wconf 88' lang='lat' dir='ltr'>sedebat</span> <span class='ocrx_word' id='word_1_52' title='bbox 2369 1712 2649 1804; x_wconf 81' lang='lat' dir='ltr'><strong>Esther,</strong></span> <span class='ocrx_word' id='word_1_53' title='bbox 2686 1719 2761 1786; x_wconf 95' lang='lat' dir='ltr'>et</span> <span class='ocrx_word' id='word_1_54' title='bbox 2792 1709 3011 1785; x_wconf 84' lang='lat' dir='ltr'>dixit:</span> <span class='ocrx_word' id='word_1_55' title='bbox 3048 1709 3269 1784; x_wconf 88' lang='lat' dir='ltr'>etiam</span> <span class='ocrx_word' id='word_1_56' title='bbox 3308 1708 3639 1806; x_wconf 82' lang='lat' dir='ltr'>reginam</span> <span class='ocrx_word' id='word_1_57' title='bbox 3682 1709 3835 1784; x_wconf 83' lang='lat' dir='ltr'>vult</span> 
     </span>
     <span class='ocr_line' id='line_1_8' title="bbox 1497 1830 3835 1932; baseline -0.003 -22"><span class='ocrx_word' id='word_1_58' title='bbox 1497 1835 1917 1932; x_wconf 85' lang='lat' dir='ltr'>opprimere</span> <span class='ocrx_word' id='word_1_59' title='bbox 1985 1855 2108 1912; x_wconf 91' lang='lat' dir='ltr'>me</span> <span class='ocrx_word' id='word_1_60' title='bbox 2175 1835 2584 1928; x_wconf 71' lang='lat' dir='ltr'>praesente?</span> <span class='ocrx_word' id='word_1_61' title='bbox 2633 1831 2721 1904; x_wconf 91' lang='lat' dir='ltr'>Et</span> <span class='ocrx_word' id='word_1_62' title='bbox 2769 1830 3121 1906; x_wconf 89' lang='lat' dir='ltr'>continuo</span> <span class='ocrx_word' id='word_1_63' title='bbox 3190 1851 3387 1904; x_wconf 89' lang='lat' dir='ltr'>unus</span> <span class='ocrx_word' id='word_1_64' title='bbox 3450 1830 3835 1904; x_wconf 88' lang='lat' dir='ltr'>eunuchus</span> 
     </span>
     <span class='ocr_line' id='line_1_9' title="bbox 1497 1948 3833 2051; baseline -0.003 -22"><span class='ocrx_word' id='word_1_65' title='bbox 1497 1955 1677 2030; x_wconf 81' lang='lat' dir='ltr'>dixit</span> <span class='ocrx_word' id='word_1_66' title='bbox 1729 1955 1924 2051; x_wconf 82' lang='lat' dir='ltr'>regi:</span> <span class='ocrx_word' id='word_1_67' title='bbox 1971 1954 2135 2028; x_wconf 81' lang='lat' dir='ltr'>vide</span> <span class='ocrx_word' id='word_1_68' title='bbox 2167 1953 2450 2050; x_wconf 86' lang='lat' dir='ltr'>lignum</span> <span class='ocrx_word' id='word_1_69' title='bbox 2488 1951 2685 2046; x_wconf 88' lang='lat' dir='ltr'>quod</span> <span class='ocrx_word' id='word_1_70' title='bbox 2720 1950 2963 2045; x_wconf 89' lang='lat' dir='ltr'>parari</span> <span class='ocrx_word' id='word_1_71' title='bbox 2999 1948 3167 2024; x_wconf 83' lang='lat' dir='ltr'>fecit</span> <span class='ocrx_word' id='word_1_72' title='bbox 3200 1968 3335 2045; x_wconf 89' lang='lat' dir='ltr'>pro</span> <span class='ocrx_word' id='word_1_73' title='bbox 3372 1955 3613 2024; x_wconf 90' lang='lat' dir='ltr'>morte</span> <span class='ocrx_word' id='word_1_74' title='bbox 3644 1949 3833 2022; x_wconf 85' lang='lat' dir='ltr'>Mar·</span> 
     </span>
     <span class='ocr_line' id='line_1_10' title="bbox 1498 2067 3838 2166; baseline -0.003 -17"><span class='ocrx_word' id='word_1_75' title='bbox 1498 2074 1798 2149; x_wconf 88' lang='lat' dir='ltr'>dochaei.</span> <span class='ocrx_word' id='word_1_76' title='bbox 1851 2073 1982 2148; x_wconf 91' lang='lat' dir='ltr'>Cui</span> <span class='ocrx_word' id='word_1_77' title='bbox 2033 2072 2214 2150; x_wconf 80' lang='lat' dir='ltr'>dixit</span> <span class='ocrx_word' id='word_1_78' title='bbox 2264 2093 2431 2146; x_wconf 84' lang='lat' dir='ltr'>rex:</span> <span class='ocrx_word' id='word_1_79' title='bbox 2482 2069 2867 2166; x_wconf 85' lang='lat' dir='ltr'>appendite</span> <span class='ocrx_word' id='word_1_80' title='bbox 2916 2090 3089 2145; x_wconf 92' lang='lat' dir='ltr'>eum</span> <span class='ocrx_word' id='word_1_81' title='bbox 3146 2069 3219 2142; x_wconf 94' lang='lat' dir='ltr'>in</span> <span class='ocrx_word' id='word_1_82' title='bbox 3270 2089 3401 2146; x_wconf 88' lang='lat' dir='ltr'>eo:</span> <span class='ocrx_word' id='word_1_83' title='bbox 3456 2074 3531 2143; x_wconf 90' lang='lat' dir='ltr'>et</span> <span class='ocrx_word' id='word_1_84' title='bbox 3578 2068 3683 2144; x_wconf 91' lang='lat' dir='ltr'>sic</span> <span class='ocrx_word' id='word_1_85' title='bbox 3733 2067 3838 2142; x_wconf 81' lang='lat' dir='ltr'>sa-</span> 
     </span>
     <span class='ocr_line' id='line_1_11' title="bbox 1499 2188 3841 2289; baseline -0.004 -17"><span class='ocrx_word' id='word_1_86' title='bbox 1499 2203 1704 2272; x_wconf 91' lang='lat' dir='ltr'>ctum</span> <span class='ocrx_word' id='word_1_87' title='bbox 1757 2201 1889 2288; x_wconf 91' lang='lat' dir='ltr'>est,</span> <span class='ocrx_word' id='word_1_88' title='bbox 1941 2200 2016 2269; x_wconf 91' lang='lat' dir='ltr'>et</span> <span class='ocrx_word' id='word_1_89' title='bbox 2069 2192 2261 2289; x_wconf 82' lang='lat' dir='ltr'>regis</span> <span class='ocrx_word' id='word_1_90' title='bbox 2312 2191 2423 2268; x_wconf 86' lang='lat' dir='ltr'>ira</span> <span class='ocrx_word' id='word_1_91' title='bbox 2473 2191 2773 2285; x_wconf 67' lang='lat' dir='ltr'>quievit,</span> <span class='ocrx_word' id='word_1_92' title='bbox 2810 2197 2883 2265; x_wconf 88' lang='lat' dir='ltr'>et</span> <span class='ocrx_word' id='word_1_93' title='bbox 2934 2190 3281 2265; x_wconf 88' lang='lat' dir='ltr'>continuo</span> <span class='ocrx_word' id='word_1_94' title='bbox 3324 2211 3457 2268; x_wconf 83' lang='lat' dir='ltr'>rex</span> <span class='ocrx_word' id='word_1_95' title='bbox 3502 2188 3841 2264; x_wconf 86' lang='lat' dir='ltr'>substulit</span> 
     </span>
     <span class='ocr_line' id='line_1_12' title="bbox 1498 2310 3839 2407; baseline -0.003 -16"><span class='ocrx_word' id='word_1_96' title='bbox 1498 2316 2038 2391; x_wconf 85' lang='lat' dir='ltr'>Mardochaeum</span> <span class='ocrx_word' id='word_1_97' title='bbox 2089 2315 2163 2387; x_wconf 91' lang='lat' dir='ltr'>in</span> <span class='ocrx_word' id='word_1_98' title='bbox 2216 2315 2461 2388; x_wconf 91' lang='lat' dir='ltr'>locum</span> <span class='ocrx_word' id='word_1_99' title='bbox 2496 2315 2759 2407; x_wconf 89' lang='lat' dir='ltr'>Aman,</span> <span class='ocrx_word' id='word_1_100' title='bbox 2798 2311 2981 2385; x_wconf 91' lang='lat' dir='ltr'>dans</span> <span class='ocrx_word' id='word_1_101' title='bbox 3015 2311 3150 2385; x_wconf 87' lang='lat' dir='ltr'>sibi</span> <span class='ocrx_word' id='word_1_102' title='bbox 3188 2310 3573 2404; x_wconf 87' lang='lat' dir='ltr'>annulum,</span> <span class='ocrx_word' id='word_1_103' title='bbox 3632 2315 3711 2384; x_wconf 90' lang='lat' dir='ltr'>et</span> <span class='ocrx_word' id='word_1_104' title='bbox 3748 2310 3839 2384; x_wconf 93' lang='lat' dir='ltr'>ad</span> 
     </span>
     <span class='ocr_line' id='line_1_13' title="bbox 1497 2428 3839 2532; baseline -0.003 -22"><span class='ocrx_word' id='word_1_105' title='bbox 1497 2456 1756 2532; x_wconf 88' lang='lat' dir='ltr'>preces</span> <span class='ocrx_word' id='word_1_106' title='bbox 1805 2434 2065 2508; x_wconf 89' lang='lat' dir='ltr'>Esther</span> <span class='ocrx_word' id='word_1_107' title='bbox 2115 2431 2491 2508; x_wconf 86' lang='lat' dir='ltr'>revocavit</span> <span class='ocrx_word' id='word_1_108' title='bbox 2541 2431 2786 2507; x_wconf 88' lang='lat' dir='ltr'>literas</span> <span class='ocrx_word' id='word_1_109' title='bbox 2838 2431 3095 2505; x_wconf 90' lang='lat' dir='ltr'>missas</span> <span class='ocrx_word' id='word_1_110' title='bbox 3146 2431 3218 2504; x_wconf 92' lang='lat' dir='ltr'>in</span> <span class='ocrx_word' id='word_1_111' title='bbox 3270 2428 3665 2525; x_wconf 88' lang='lat' dir='ltr'>perniciem</span> <span class='ocrx_word' id='word_1_112' title='bbox 3715 2429 3839 2523; x_wconf 84' lang='lat' dir='ltr'>jn-</span> 
     </span>
     <span class='ocr_line' id='line_1_14' title="bbox 1499 2550 3836 2648; baseline -0.004 -17"><span class='ocrx_word' id='word_1_113' title='bbox 1499 2555 1876 2648; x_wconf 80' lang='lat' dir='ltr'>daeorum3</span> <span class='ocrx_word' id='word_1_114' title='bbox 1928 2560 2002 2628; x_wconf 91' lang='lat' dir='ltr'>et</span> <span class='ocrx_word' id='word_1_115' title='bbox 2052 2553 2309 2628; x_wconf 90' lang='lat' dir='ltr'>decem</span> <span class='ocrx_word' id='word_1_116' title='bbox 2363 2552 2486 2626; x_wconf 85' lang='lat' dir='ltr'>filii</span> <span class='ocrx_word' id='word_1_117' title='bbox 2537 2551 2775 2628; x_wconf 79' lang='lat' dir='ltr'>Aman</span> <span class='ocrx_word' id='word_1_118' title='bbox 2830 2551 3158 2647; x_wconf 89' lang='lat' dir='ltr'>suspensi</span> <span class='ocrx_word' id='word_1_119' title='bbox 3218 2558 3411 2645; x_wconf 88' lang='lat' dir='ltr'>sunt,</span> <span class='ocrx_word' id='word_1_120' title='bbox 3464 2559 3540 2628; x_wconf 91' lang='lat' dir='ltr'>et</span> <span class='ocrx_word' id='word_1_121' title='bbox 3588 2550 3836 2624; x_wconf 90' lang='lat' dir='ltr'>multi-</span> 
     </span>
     <span class='ocr_line' id='line_1_15' title="bbox 1502 2664 3836 2768; baseline -0.002 -20"><span class='ocrx_word' id='word_1_122' title='bbox 1502 2675 1682 2750; x_wconf 92' lang='lat' dir='ltr'>tudo</span> <span class='ocrx_word' id='word_1_123' title='bbox 1734 2673 2056 2748; x_wconf 83' lang='lat' dir='ltr'>maxima</span> <span class='ocrx_word' id='word_1_124' title='bbox 2107 2671 2487 2748; x_wconf 80' lang='lat' dir='ltr'>interfecta</span> <span class='ocrx_word' id='word_1_125' title='bbox 2536 2679 2646 2748; x_wconf 70' lang='lat' dir='ltr'>oet</span> <span class='ocrx_word' id='word_1_126' title='bbox 2693 2693 2740 2746; x_wconf 91' lang='lat' dir='ltr'>a</span> <span class='ocrx_word' id='word_1_127' title='bbox 2780 2672 3044 2768; x_wconf 87' lang='lat' dir='ltr'>judaeis</span> <span class='ocrx_word' id='word_1_128' title='bbox 3108 2691 3425 2746; x_wconf 89' lang='lat' dir='ltr'>numero</span> <span class='ocrx_word' id='word_1_129' title='bbox 3454 2664 3529 2764; x_wconf 81' lang='lat'>(⁴)</span> <span class='ocrx_word' id='word_1_130' title='bbox 3576 2690 3836 2744; x_wconf 88' lang='lat' dir='ltr'>eorum</span> 
     </span>
     <span class='ocr_line' id='line_1_16' title="bbox 1502 2783 3836 2889; baseline -0.002 -22"><span class='ocrx_word' id='word_1_131' title='bbox 1502 2793 1634 2889; x_wconf 92' lang='lat' dir='ltr'>qui</span> <span class='ocrx_word' id='word_1_132' title='bbox 1683 2799 2124 2889; x_wconf 90' lang='lat' dir='ltr'>paraverant</span> <span class='ocrx_word' id='word_1_133' title='bbox 2175 2791 2589 2870; x_wconf 87' lang='lat' dir='ltr'>interficere</span> <span class='ocrx_word' id='word_1_134' title='bbox 2639 2811 2787 2867; x_wconf 77' lang='lat' dir='ltr'>eos·</span> <span class='ocrx_word' id='word_1_135' title='bbox 2838 2792 3015 2880; x_wconf 86' lang='lat' dir='ltr'>Quis</span> <span class='ocrx_word' id='word_1_136' title='bbox 3046 2783 3117 2884; x_wconf 82' lang='lat'>(²)</span> <span class='ocrx_word' id='word_1_137' title='bbox 3172 2790 3247 2866; x_wconf 91' lang='lat' dir='ltr'>in</span> <span class='ocrx_word' id='word_1_138' title='bbox 3310 2792 3451 2865; x_wconf 95' lang='lat' dir='ltr'>hoc</span> <span class='ocrx_word' id='word_1_139' title='bbox 3500 2811 3647 2864; x_wconf 90' lang='lat' dir='ltr'>non</span> <span class='ocrx_word' id='word_1_140' title='bbox 3702 2789 3836 2862; x_wconf 90' lang='lat' dir='ltr'>mi-</span> 
     </span>
     <span class='ocr_line' id='line_1_17' title="bbox 1505 2911 3831 3009; baseline 0 -21"><span class='ocrx_word' id='word_1_141' title='bbox 1505 2922 1714 2990; x_wconf 90' lang='lat' dir='ltr'>retur</span> <span class='ocrx_word' id='word_1_142' title='bbox 1738 2913 2099 3009; x_wconf 88' lang='lat' dir='ltr'>justitiam</span> <span class='ocrx_word' id='word_1_143' title='bbox 2139 2921 2217 2987; x_wconf 91' lang='lat' dir='ltr'>et</span> <span class='ocrx_word' id='word_1_144' title='bbox 2255 2913 2679 3008; x_wconf 87' lang='lat' dir='ltr'>sapientiam</span> <span class='ocrx_word' id='word_1_145' title='bbox 2716 2913 2897 2988; x_wconf 72' lang='lat' dir='ltr'>Dei?</span> <span class='ocrx_word' id='word_1_146' title='bbox 2931 2914 3060 3008; x_wconf 90' lang='lat' dir='ltr'>qui</span> <span class='ocrx_word' id='word_1_147' title='bbox 3094 2932 3241 2987; x_wconf 90' lang='lat' dir='ltr'>non</span> <span class='ocrx_word' id='word_1_148' title='bbox 3274 2912 3519 2986; x_wconf 89' lang='lat' dir='ltr'>solum</span> <span class='ocrx_word' id='word_1_149' title='bbox 3554 2911 3831 3007; x_wconf 85' lang='lat' dir='ltr'>punivit</span> 
     </span>
     <span class='ocr_line' id='line_1_18' title="bbox 1505 3031 3837 3130; baseline 0 -24"><span class='ocrx_word' id='word_1_150' title='bbox 1505 3033 2027 3130; x_wconf 83' lang='lat' dir='ltr'>malignitatem</span> <span class='ocrx_word' id='word_1_151' title='bbox 2081 3031 2341 3127; x_wconf 86' lang='lat' dir='ltr'>Aman,</span> <span class='ocrx_word' id='word_1_152' title='bbox 2392 3033 2521 3108; x_wconf 90' lang='lat' dir='ltr'>sed</span> <span class='ocrx_word' id='word_1_153' title='bbox 2570 3033 2983 3130; x_wconf 81' lang='lat' dir='ltr'>excogitata</span> <span class='ocrx_word' id='word_1_154' title='bbox 3046 3033 3119 3108; x_wconf 89' lang='lat' dir='ltr'>in</span> <span class='ocrx_word' id='word_1_155' title='bbox 3182 3032 3407 3107; x_wconf 90' lang='lat' dir='ltr'>alium</span> <span class='ocrx_word' id='word_1_156' title='bbox 3474 3037 3837 3108; x_wconf 86' lang='lat' dir='ltr'>tormenta</span> 
     </span>
     <span class='ocr_line' id='line_1_19' title="bbox 1503 3135 3838 3248; baseline -0.001 -19"><span class='ocrx_word' id='word_1_157' title='bbox 1503 3154 1864 3229; x_wconf 88' lang='lat' dir='ltr'>convertit</span> <span class='ocrx_word' id='word_1_158' title='bbox 1888 3153 1960 3227; x_wconf 92' lang='lat' dir='ltr'>in</span> <span class='ocrx_word' id='word_1_159' title='bbox 1987 3174 2161 3228; x_wconf 91' lang='lat' dir='ltr'>eum</span> <span class='ocrx_word' id='word_1_160' title='bbox 2183 3135 2445 3228; x_wconf 68' lang='lat' dir='ltr'>l‘Nunc</span> <span class='ocrx_word' id='word_1_161' title='bbox 2476 3154 2569 3228; x_wconf 91' lang='lat' dir='ltr'>ad</span> <span class='ocrx_word' id='word_1_162' title='bbox 2604 3154 2893 3228; x_wconf 88' lang='lat' dir='ltr'>literam</span> <span class='ocrx_word' id='word_1_163' title='bbox 2926 3153 3097 3227; x_wconf 85' lang='lat' dir='ltr'>dicit</span> <span class='ocrx_word' id='word_1_164' title='bbox 3132 3161 3384 3248; x_wconf 91' lang='lat' dir='ltr'>poeta:</span> <span class='ocrx_word' id='word_1_165' title='bbox 3414 3157 3548 3228; x_wconf 84' lang='lat' dir='ltr'>Poi</span> <span class='ocrx_word' id='word_1_166' title='bbox 3562 3156 3838 3245; x_wconf 81' lang='lat' dir='ltr'>piovve,</span> 
     </span>
     <span class='ocr_line' id='line_1_20' title="bbox 1503 3273 3841 3370; baseline -0.002 -20"><span class='ocrx_word' id='word_1_167' title='bbox 1503 3274 1797 3368; x_wconf 89' lang='lat' dir='ltr'>scilicet,</span> <span class='ocrx_word' id='word_1_168' title='bbox 1862 3294 1994 3370; x_wconf 87' lang='lat' dir='ltr'>per</span> <span class='ocrx_word' id='word_1_169' title='bbox 2062 3273 2639 3368; x_wconf 83' lang='lat' dir='ltr'>imaginativam,</span> <span class='ocrx_word' id='word_1_170' title='bbox 2706 3276 2957 3348; x_wconf 76' lang='lat' dir='ltr'>demro</span> <span class='ocrx_word' id='word_1_171' title='bbox 3018 3276 3137 3347; x_wconf 80' lang='lat' dir='ltr'>au’</span> <span class='ocrx_word' id='word_1_172' title='bbox 3164 3277 3312 3348; x_wconf 81' lang='lat' dir='ltr'>alca</span> <span class='ocrx_word' id='word_1_173' title='bbox 3370 3276 3687 3367; x_wconf 78' lang='lat' dir='ltr'>fantasia</span> <span class='ocrx_word' id='word_1_174' title='bbox 3749 3295 3841 3348; x_wconf 79' lang='lat' dir='ltr'>un</span> 
     </span>
     <span class='ocr_line' id='line_1_21' title="bbox 1502 3394 3845 3490; baseline -0.002 -19"><span class='ocrx_word' id='word_1_175' title='bbox 1502 3398 1884 3490; x_wconf 78' lang='lat' dir='ltr'>crucifissO,</span> <span class='ocrx_word' id='word_1_176' title='bbox 1925 3394 2194 3471; x_wconf 89' lang='lat' dir='ltr'>scilicet</span> <span class='ocrx_word' id='word_1_177' title='bbox 2228 3395 2465 3469; x_wconf 83' lang='lat' dir='ltr'>Aman</span> <span class='ocrx_word' id='word_1_178' title='bbox 2514 3394 2709 3469; x_wconf 81' lang='lat' dir='ltr'>altus</span> <span class='ocrx_word' id='word_1_179' title='bbox 2758 3394 3115 3490; x_wconf 80' lang='lat' dir='ltr'>princepS,</span> <span class='ocrx_word' id='word_1_180' title='bbox 3152 3394 3278 3488; x_wconf 88' lang='lat' dir='ltr'>qui</span> <span class='ocrx_word' id='word_1_181' title='bbox 3326 3394 3689 3470; x_wconf 82' lang='lat' dir='ltr'>exaltatus</span> <span class='ocrx_word' id='word_1_182' title='bbox 3736 3399 3845 3469; x_wconf 87' lang='lat' dir='ltr'>est</span> 
     </span>
     <span class='ocr_line' id='line_1_22' title="bbox 1502 3514 3843 3612; baseline -0 -23"><span class='ocrx_word' id='word_1_183' title='bbox 1502 3516 1576 3589; x_wconf 90' lang='lat' dir='ltr'>in</span> <span class='ocrx_word' id='word_1_184' title='bbox 1627 3534 1926 3590; x_wconf 87' lang='lat' dir='ltr'>crucem</span> <span class='ocrx_word' id='word_1_185' title='bbox 1979 3514 2402 3589; x_wconf 85' lang='lat' dir='ltr'>altissimam</span> <span class='ocrx_word' id='word_1_186' title='bbox 2440 3534 2615 3589; x_wconf 89' lang='lat' dir='ltr'>cum</span> <span class='ocrx_word' id='word_1_187' title='bbox 2656 3534 2949 3590; x_wconf 88' lang='lat' dir='ltr'>summa</span> <span class='ocrx_word' id='word_1_188' title='bbox 2990 3514 3388 3612; x_wconf 82' lang='lat' dir='ltr'>ignominia</span> <span class='ocrx_word' id='word_1_189' title='bbox 3440 3520 3515 3589; x_wconf 92' lang='lat' dir='ltr'>et</span> <span class='ocrx_word' id='word_1_190' title='bbox 3564 3514 3843 3588; x_wconf 86' lang='lat' dir='ltr'>exalta-</span> 
     </span>
     <span class='ocr_line' id='line_1_23' title="bbox 1505 3633 3843 3731; baseline -0.002 -20"><span class='ocrx_word' id='word_1_191' title='bbox 1505 3636 1700 3711; x_wconf 90' lang='lat' dir='ltr'>tione</span> <span class='ocrx_word' id='word_1_192' title='bbox 1750 3634 1996 3726; x_wconf 80' lang='lat' dir='ltr'>hostiS‚</span> <span class='ocrx_word' id='word_1_193' title='bbox 2047 3655 2275 3729; x_wconf 89' lang='lat' dir='ltr'>quem</span> <span class='ocrx_word' id='word_1_194' title='bbox 2326 3633 2786 3710; x_wconf 78' lang='lat' dir='ltr'>infestissime</span> <span class='ocrx_word' id='word_1_195' title='bbox 2847 3635 3128 3730; x_wconf 89' lang='lat' dir='ltr'>oderat,</span> <span class='ocrx_word' id='word_1_196' title='bbox 3164 3638 3586 3731; x_wconf 77' lang='lat' dir='ltr'>,dispetcoso,</span> <span class='ocrx_word' id='word_1_197' title='bbox 3636 3635 3843 3725; x_wconf 89' lang='lat' dir='ltr'>idest,</span> 
     </span>
     <span class='ocr_line' id='line_1_24' title="bbox 1506 3754 3842 3853; baseline 0 -24"><span class='ocrx_word' id='word_1_198' title='bbox 1506 3755 2114 3853; x_wconf 79' lang='lat' dir='ltr'>indignabunduS,</span> <span class='ocrx_word' id='word_1_199' title='bbox 2165 3777 2204 3827; x_wconf 83' lang='lat' dir='ltr'>e</span> <span class='ocrx_word' id='word_1_200' title='bbox 2246 3756 2453 3848; x_wconf 78' lang='lat' dir='ltr'>fiere,</span> <span class='ocrx_word' id='word_1_201' title='bbox 2504 3754 2687 3831; x_wconf 93' lang='lat' dir='ltr'>idest</span> <span class='ocrx_word' id='word_1_202' title='bbox 2738 3755 3053 3831; x_wconf 88' lang='lat' dir='ltr'>crudelis</span> <span class='ocrx_word' id='word_1_203' title='bbox 3119 3755 3293 3849; x_wconf 88' lang='lat' dir='ltr'>quia</span> <span class='ocrx_word' id='word_1_204' title='bbox 3358 3776 3842 3831; x_wconf 88' lang='lat' dir='ltr'>numerosum</span> 
     </span>
     <span class='ocr_line' id='line_1_25' title="bbox 1507 3874 3837 3973; baseline -0.001 -21"><span class='ocrx_word' id='word_1_205' title='bbox 1507 3896 1743 3973; x_wconf 84' lang='lat' dir='ltr'>genus</span> <span class='ocrx_word' id='word_1_206' title='bbox 1785 3876 2259 3953; x_wconf 88' lang='lat' dir='ltr'>innocentum</span> <span class='ocrx_word' id='word_1_207' title='bbox 2293 3876 2585 3968; x_wconf 83' lang='lat' dir='ltr'>volebat</span> <span class='ocrx_word' id='word_1_208' title='bbox 2618 3874 3014 3951; x_wconf 90' lang='lat' dir='ltr'>crudeliter</span> <span class='ocrx_word' id='word_1_209' title='bbox 3050 3874 3343 3951; x_wconf 88' lang='lat' dir='ltr'>tradere</span> <span class='ocrx_word' id='word_1_210' title='bbox 3376 3876 3619 3971; x_wconf 90' lang='lat' dir='ltr'>morti,</span> <span class='ocrx_word' id='word_1_211' title='bbox 3652 3878 3837 3950; x_wconf 78' lang='lat' dir='ltr'>nella</span> 
     </span>
     <span class='ocr_line' id='line_1_26' title="bbox 1505 3996 3843 4092; baseline 0.001 -21"><span class='ocrx_word' id='word_1_212' title='bbox 1505 4018 1638 4071; x_wconf 82' lang='lat' dir='ltr'>sua</span> <span class='ocrx_word' id='word_1_213' title='bbox 1687 4000 1890 4086; x_wconf 71' lang='lat' dir='ltr'>vista,</span> <span class='ocrx_word' id='word_1_214' title='bbox 1940 3997 2144 4091; x_wconf 89' lang='lat' dir='ltr'>idest,</span> <span class='ocrx_word' id='word_1_215' title='bbox 2195 3996 2643 4092; x_wconf 85' lang='lat' dir='ltr'>apparentia,</span> <span class='ocrx_word' id='word_1_216' title='bbox 2694 4018 2732 4068; x_wconf 83' lang='lat' dir='ltr'>e</span> <span class='ocrx_word' id='word_1_217' title='bbox 2794 3999 2981 4069; x_wconf 76' lang='lat' dir='ltr'>cotal</span> <span class='ocrx_word' id='word_1_218' title='bbox 3022 4000 3087 4071; x_wconf 79' lang='lat' dir='ltr'>si</span> <span class='ocrx_word' id='word_1_219' title='bbox 3134 4000 3393 4089; x_wconf 76' lang='lat' dir='ltr'>moria,</span> <span class='ocrx_word' id='word_1_220' title='bbox 3444 4018 3539 4074; x_wconf 82' lang='lat' dir='ltr'>ex</span> <span class='ocrx_word' id='word_1_221' title='bbox 3596 3998 3708 4073; x_wconf 87' lang='lat' dir='ltr'>ira</span> <span class='ocrx_word' id='word_1_222' title='bbox 3770 4006 3843 4073; x_wconf 87' lang='lat' dir='ltr'>et</span> 
     </span>
     <span class='ocr_line' id='line_1_27' title="bbox 1507 4115 3841 4214; baseline -0.001 -21"><span class='ocrx_word' id='word_1_223' title='bbox 1507 4116 2001 4214; x_wconf 86' lang='lat' dir='ltr'>indignatione</span> <span class='ocrx_word' id='word_1_224' title='bbox 2051 4117 2246 4213; x_wconf 83' lang='lat' dir='ltr'>regis</span> <span class='ocrx_word' id='word_1_225' title='bbox 2287 4115 2626 4210; x_wconf 81' lang='lat' dir='ltr'>Assueri3</span> <span class='ocrx_word' id='word_1_226' title='bbox 2670 4116 2866 4191; x_wconf 89' lang='lat' dir='ltr'>unde</span> <span class='ocrx_word' id='word_1_227' title='bbox 2904 4116 3183 4190; x_wconf 88' lang='lat' dir='ltr'>subdit:</span> <span class='ocrx_word' id='word_1_228' title='bbox 3217 4120 3501 4191; x_wconf 74' lang='lat' dir='ltr'>intorno</span> <span class='ocrx_word' id='word_1_229' title='bbox 3532 4119 3632 4190; x_wconf 83' lang='lat' dir='ltr'>ad</span> <span class='ocrx_word' id='word_1_230' title='bbox 3658 4138 3841 4211; x_wconf 78' lang='lat' dir='ltr'>esse,</span> 
     </span>
     <span class='ocr_line' id='line_1_28' title="bbox 1507 4236 3845 4332; baseline 0 -21"><span class='ocrx_word' id='word_1_231' title='bbox 1507 4237 1799 4330; x_wconf 90' lang='lat' dir='ltr'>scilicet,</span> <span class='ocrx_word' id='word_1_232' title='bbox 1849 4238 2109 4331; x_wconf 88' lang='lat' dir='ltr'>Aman,</span> <span class='ocrx_word' id='word_1_233' title='bbox 2159 4239 2214 4310; x_wconf 85' lang='lat' dir='ltr'>il</span> <span class='ocrx_word' id='word_1_234' title='bbox 2256 4239 2531 4327; x_wconf 63' lang='lat' dir='ltr'>mande</span> <span class='ocrx_word' id='word_1_235' title='bbox 2588 4242 2921 4326; x_wconf 78' lang='lat' dir='ltr'>Assuem,</span> <span class='ocrx_word' id='word_1_236' title='bbox 2970 4236 3250 4330; x_wconf 91' lang='lat' dir='ltr'>supple,</span> <span class='ocrx_word' id='word_1_237' title='bbox 3311 4236 3513 4332; x_wconf 88' lang='lat' dir='ltr'>pluit.</span> <span class='ocrx_word' id='word_1_238' title='bbox 3568 4236 3657 4311; x_wconf 90' lang='lat' dir='ltr'>Et</span> <span class='ocrx_word' id='word_1_239' title='bbox 3730 4238 3845 4311; x_wconf 87' lang='lat' dir='ltr'>hic</span> 
     </span>
     <span class='ocr_line' id='line_1_29' title="bbox 1510 4354 3843 4453; baseline -0.001 -22"><span class='ocrx_word' id='word_1_240' title='bbox 1510 4357 1676 4431; x_wconf 86' lang='lat' dir='ltr'>volo</span> <span class='ocrx_word' id='word_1_241' title='bbox 1727 4362 1800 4430; x_wconf 86' lang='lat' dir='ltr'>te</span> <span class='ocrx_word' id='word_1_242' title='bbox 1849 4356 2060 4451; x_wconf 90' lang='lat' dir='ltr'>scire,</span> <span class='ocrx_word' id='word_1_243' title='bbox 2095 4356 2295 4451; x_wconf 90' lang='lat' dir='ltr'>quod</span> <span class='ocrx_word' id='word_1_244' title='bbox 2329 4356 2447 4429; x_wconf 91' lang='lat' dir='ltr'>hic</span> <span class='ocrx_word' id='word_1_245' title='bbox 2477 4355 2843 4430; x_wconf 86' lang='lat' dir='ltr'>Assuerus</span> <span class='ocrx_word' id='word_1_246' title='bbox 2879 4354 3013 4429; x_wconf 84' lang='lat' dir='ltr'>ruit</span> <span class='ocrx_word' id='word_1_247' title='bbox 3048 4356 3421 4431; x_wconf 90' lang='lat' dir='ltr'>Cambises</span> <span class='ocrx_word' id='word_1_248' title='bbox 3456 4356 3643 4431; x_wconf 87' lang='lat' dir='ltr'>filius</span> <span class='ocrx_word' id='word_1_249' title='bbox 3676 4357 3843 4453; x_wconf 78' lang='lat' dir='ltr'>Cyri</span> 
     </span>
     <span class='ocr_line' id='line_1_30' title="bbox 1510 4475 3837 4572; baseline -0.001 -20"><span class='ocrx_word' id='word_1_250' title='bbox 1510 4477 1676 4553; x_wconf 86' lang='lat' dir='ltr'>victi</span> <span class='ocrx_word' id='word_1_251' title='bbox 1710 4498 1756 4553; x_wconf 91' lang='lat' dir='ltr'>a</span> <span class='ocrx_word' id='word_1_252' title='bbox 1788 4477 2132 4570; x_wconf 87' lang='lat' dir='ltr'>Thamiri,</span> <span class='ocrx_word' id='word_1_253' title='bbox 2167 4476 2294 4570; x_wconf 89' lang='lat' dir='ltr'>qui</span> <span class='ocrx_word' id='word_1_254' title='bbox 2326 4475 2523 4572; x_wconf 91' lang='lat' dir='ltr'>apud</span> <span class='ocrx_word' id='word_1_255' title='bbox 2574 4476 2881 4550; x_wconf 89' lang='lat' dir='ltr'>Esdram</span> <span class='ocrx_word' id='word_1_256' title='bbox 2932 4476 3197 4551; x_wconf 88' lang='lat' dir='ltr'>dicitur</span> <span class='ocrx_word' id='word_1_257' title='bbox 3246 4476 3715 4569; x_wconf 81' lang='lat' dir='ltr'>Artaxerses3</span> <span class='ocrx_word' id='word_1_258' title='bbox 3768 4476 3837 4549; x_wconf 92' lang='lat' dir='ltr'>in</span> 
     </span>
     <span class='ocr_line' id='line_1_31' title="bbox 1509 4597 3842 4692; baseline 0.001 -21"><span class='ocrx_word' id='word_1_259' title='bbox 1509 4598 1754 4673; x_wconf 79' lang='lat' dir='ltr'>Iudith</span> <span class='ocrx_word' id='word_1_260' title='bbox 1805 4618 1984 4673; x_wconf 86' lang='lat' dir='ltr'>vero</span> <span class='ocrx_word' id='word_1_261' title='bbox 2036 4597 2301 4672; x_wconf 84' lang='lat' dir='ltr'>dicitur</span> <span class='ocrx_word' id='word_1_262' title='bbox 2365 4597 3057 4691; x_wconf 84' lang='lat' dir='ltr'>Nabuchodonosor,</span> <span class='ocrx_word' id='word_1_263' title='bbox 3112 4618 3337 4691; x_wconf 89' lang='lat' dir='ltr'>quem</span> <span class='ocrx_word' id='word_1_264' title='bbox 3392 4605 3605 4692; x_wconf 89' lang='lat' dir='ltr'>poeta</span> <span class='ocrx_word' id='word_1_265' title='bbox 3656 4600 3842 4673; x_wconf 85' lang='lat' dir='ltr'>bene</span> 
     </span>
     <span class='ocr_line' id='line_1_32' title="bbox 1512 4717 3839 4816; baseline 0 -23"><span class='ocrx_word' id='word_1_266' title='bbox 1512 4726 1722 4793; x_wconf 91' lang='lat' dir='ltr'>vocat</span> <span class='ocrx_word' id='word_1_267' title='bbox 1773 4740 2149 4814; x_wconf 86' lang='lat' dir='ltr'>magnum.</span> <span class='ocrx_word' id='word_1_268' title='bbox 2203 4720 2389 4793; x_wconf 92' lang='lat' dir='ltr'>Nam</span> <span class='ocrx_word' id='word_1_269' title='bbox 2442 4719 2596 4814; x_wconf 89' lang='lat' dir='ltr'>ipse</span> <span class='ocrx_word' id='word_1_270' title='bbox 2636 4717 2951 4793; x_wconf 89' lang='lat' dir='ltr'>condidit</span> <span class='ocrx_word' id='word_1_271' title='bbox 2986 4740 3332 4815; x_wconf 85' lang='lat' dir='ltr'>magnam</span> <span class='ocrx_word' id='word_1_272' title='bbox 3369 4719 3839 4816; x_wconf 78' lang='lat' dir='ltr'>Babyloniam</span> 
     </span>
     <span class='ocr_line' id='line_1_33' title="bbox 1511 4837 3837 4935; baseline 0 -24"><span class='ocrx_word' id='word_1_273' title='bbox 1511 4838 1584 4912; x_wconf 91' lang='lat' dir='ltr'>in</span> <span class='ocrx_word' id='word_1_274' title='bbox 1635 4839 1946 4935; x_wconf 85' lang='lat' dir='ltr'>AEgypto</span> <span class='ocrx_word' id='word_1_275' title='bbox 1997 4844 2072 4913; x_wconf 89' lang='lat' dir='ltr'>et</span> <span class='ocrx_word' id='word_1_276' title='bbox 2119 4838 2215 4912; x_wconf 94' lang='lat' dir='ltr'>ab</span> <span class='ocrx_word' id='word_1_277' title='bbox 2248 4838 2449 4913; x_wconf 90' lang='lat' dir='ltr'>India</span> <span class='ocrx_word' id='word_1_278' title='bbox 2484 4858 2725 4932; x_wconf 89' lang='lat' dir='ltr'>usque</span> <span class='ocrx_word' id='word_1_279' title='bbox 2756 4837 3197 4933; x_wconf 87' lang='lat' dir='ltr'>AEthiopiam</span> <span class='ocrx_word' id='word_1_280' title='bbox 3242 4838 3477 4913; x_wconf 90' lang='lat' dir='ltr'>tenuit</span> <span class='ocrx_word' id='word_1_281' title='bbox 3527 4858 3837 4935; x_wconf 86' lang='lat' dir='ltr'>regnum</span> 
     </span>
    </p>
   </div>
   <div class='ocr_carea' id='block_1_3' title="bbox 1639 5095 3551 5161">
    <p class='ocr_par' dir='ltr' id='par_1_3' title="bbox 1639 5095 3551 5161">
     <span class='ocr_line' id='line_1_34' title="bbox 1639 5095 3551 5161; baseline 0 -14"><span class='ocrx_word' id='word_1_282' title='bbox 1639 5095 1694 5159; x_wconf 87' lang='lat'>(¹)</span> <span class='ocrx_word' id='word_1_283' title='bbox 1727 5096 1788 5147; x_wconf 80' lang='lat' dir='ltr'>E.</span> <span class='ocrx_word' id='word_1_284' title='bbox 1821 5109 1852 5147; x_wconf 82' lang='lat' dir='ltr'>e</span> <span class='ocrx_word' id='word_1_285' title='bbox 1883 5095 1936 5146; x_wconf 90' lang='lat' dir='ltr'>S.</span> <span class='ocrx_word' id='word_1_286' title='bbox 1969 5097 2034 5147; x_wconf 79' lang='lat' dir='ltr'>de</span> <span class='ocrx_word' id='word_1_287' title='bbox 2065 5110 2305 5149; x_wconf 84' lang='lat' dir='ltr'>numero.</span> <span class='ocrx_word' id='word_1_288' title='bbox 2708 5096 2765 5161; x_wconf 68' lang='lat'>(³)</span> <span class='ocrx_word' id='word_1_289' title='bbox 2794 5096 2846 5147; x_wconf 87' lang='lat' dir='ltr'>S.</span> <span class='ocrx_word' id='word_1_290' title='bbox 2881 5110 2912 5147; x_wconf 87' lang='lat' dir='ltr'>e</span> <span class='ocrx_word' id='word_1_291' title='bbox 2943 5096 3005 5147; x_wconf 87' lang='grc' dir='ltr'>Ε.</span> <span class='ocrx_word' id='word_1_292' title='bbox 3036 5096 3165 5159; x_wconf 80' lang='lat' dir='ltr'>Quis</span> <span class='ocrx_word' id='word_1_293' title='bbox 3195 5110 3323 5161; x_wconf 79' lang='lat' dir='ltr'>ergo</span> <span class='ocrx_word' id='word_1_294' title='bbox 3354 5098 3409 5149; x_wconf 85' lang='lat' dir='ltr'>in</span> <span class='ocrx_word' id='word_1_295' title='bbox 3434 5098 3551 5149; x_wconf 86' lang='lat' dir='ltr'>hoc.</span> 
     </span>
    </p>
   </div>
  </div>
 </body>
</html>
