4392 6850
1521 991 1800 1048 cannis
1849 993 2136 1047 ramus.
2908 982 2995 1050 13

653 1139 812 1216 nire
857 1139 954 1216 ad
1002 1145 1274 1214 ortum.
1338 1138 1430 1212 Et
1486 1138 1665 1232 quia
1724 1138 1933 1213 litera
2002 1145 2110 1212 est
2173 1137 2381 1212 fortis
2430 1139 2599 1212 volo
2664 1144 2739 1214 te
2788 1138 2996 1233 scire,

651 1261 852 1356 quod
900 1265 1114 1356 poeta
1169 1265 1418 1333 noster
1467 1259 1628 1332 vult
1676 1259 2201 1334 sententialiter
2258 1259 2505 1334 dicere
2566 1259 2639 1332 in
2704 1259 2997 1352 effectu,

652 1382 852 1476 qnod
901 1382 1026 1454 ubi
1077 1386 1240 1456 erat
1289 1399 1582 1474 semper
1633 1379 1890 1454 solitus
1947 1378 2198 1454 videre
2258 1379 2331 1453 in
2396 1379 2681 1454 inferno
2740 1399 2995 1456 aerem

651 1501 1155 1598 caliginosum,
1215 1500 1694 1596 pestilentem,
1753 1519 2046 1594 semper
2103 1499 2539 1593 inquietum,
2592 1499 2993 1577 minantem

650 1621 966 1718 fulgura,
1019 1622 1365 1716 tonitrua,
1419 1627 1921 1717 tempestatem
1983 1639 2180 1692 nunc
2246 1619 2653 1693 intraturus
2719 1641 2995 1718 purga-

649 1742 920 1816 torium
973 1742 1252 1817 invenit
1283 1761 1536 1817 aerem
1579 1743 1890 1834 clarum,
1935 1739 2410 1834 luminosum,
2446 1760 2745 1834 purum,
2780 1740 2994 1836 quie-

649 1869 810 1937 tum
837 1855 948 1956 (⁴);
983 1863 1148 1937 ideo
1197 1861 1648 1937 exhilaratus
1699 1869 1830 1936 oet.
1882 1861 2293 1935 Intraverat
2326 1867 2578 1934 autem
2616 1861 2987 1936 infernum

650 1981 1085 2056 adveniente
1133 1982 1438 2056 tenebra
1489 1981 1743 2076 noctiS,
1797 2001 1993 2056 nunc
2051 1987 2303 2056 autem
2364 1979 2661 2054 intrabit
2716 2002 2993 2078 purga-

649 2102 924 2176 torium
965 2101 1396 2176 adveniente
1435 2103 1602 2176 luce
1635 2102 1796 2176 diei.
1836 2101 1941 2176 Ad
1977 2101 2265 2176 literam
2300 2121 2503 2197 ergo,
2530 2099 2701 2175 dicit
2735 2108 2989 2196 poeta:

648 2226 865 2296 Doleo
911 2226 1132 2316 color,
1185 2221 1454 2297 scilicet
1503 2223 1760 2317 pulcer
1809 2230 1886 2297 et
1933 2243 2168 2318 purus
2208 2223 2409 2296 color
2442 2221 2633 2295 illius
2674 2223 2867 2297 aeris
2898 2223 2993 2298 ad

645 2342 1128 2418 differentiam
1179 2343 1443 2418 coloris
1493 2344 1686 2418 aeris
1736 2343 2125 2438 infernalis,
2167 2341 2297 2436 qui
2344 2348 2455 2418 est
2502 2343 2865 2418 obscurus
2916 2353 2991 2420 et

643 2483 972 2556 amaruS,
997 2467 1066 2536 α’
1083 2466 1388 2537 oriental
1408 2467 1685 2556 zaffim,
1721 2464 1931 2557 idest,
1961 2464 2153 2538 illius
2177 2463 2373 2538 acris
2398 2462 2736 2557 coelestiS,
2764 2485 2987 2558 quem

643 2583 899 2678 pulcre
933 2583 1166 2679 tangit
1195 2584 1336 2656 sub
1373 2584 1801 2678 metaphora
1854 2583 2120 2658 coloris
2169 2583 2425 2677 lapidis
2462 2582 2773 2678 zaphiri3
2812 2585 2987 2658 nibil

643 2702 836 2777 enim
914 2708 1116 2776 terra
1190 2701 1378 2797 parit
1445 2703 1752 2776 similius
1817 2703 2008 2777 coelo
2077 2721 2373 2796 sereno,
2440 2702 2597 2797 ipso
2665 2704 2983 2798 zaphiro.

645 2823 837 2919 Ergo
887 2843 1021 2917 per
1069 2822 1450 2918 zaphirum
1503 2823 1823 2918 intellige
1873 2822 2337 2897 solummodo
2396 2822 2601 2895 illum
2660 2822 2983 2899 colorem

645 2963 992 3018 serenum
1027 2941 1220 3018 aeris
1261 2942 1572 3017 similem
1625 2943 1944 3038 zaphiro.
1997 2944 2148 3018 Nec
2185 2943 2567 3038 intelligaS,
2602 2943 2790 3018 sicut
2821 2943 2987 3038 qui-

641 3063 812 3138 dam
881 3085 1072 3139 vane
1097 3056 1174 3156 (¹)
1225 3063 1589 3156 dixerunt,
1643 3063 1843 3157 quod
1893 3081 2026 3157 per
2075 3062 2457 3157 zaphirum
2509 3068 2725 3157 poeta
2774 3062 2986 3135 intel-

532 3214 548 3232 ·
639 3173 896 3280 ligit(³)
945 3183 1382 3276 Beatricem,
1433 3182 1606 3277 quia
1658 3183 1888 3277 ipsam
1941 3189 2231 3258 tantum
2284 3181 2601 3257 inveniet
2650 3183 2725 3256 in
2776 3203 2985 3256 sum-

645 3303 902 3378 mitate
971 3303 1238 3378 montis
1299 3302 1724 3399 purgatorii.
1795 3302 1964 3377 Ideo
2037 3301 2253 3376 dicit:
2320 3304 2443 3374 che
2504 3303 2563 3374 s'
2590 3306 2986 3394 accoylieva

637 3426 756 3497 nel
805 3444 1054 3497 sereno
1113 3430 1404 3517 aspetto,
1470 3421 1677 3518 idest,
1737 3424 1812 3496 in
1883 3421 2327 3517 inspectione
2387 3421 2579 3497 illius
2634 3423 2827 3499 aeris
2870 3442 2987 3499 se-

641 3544 835 3638 reni,
914 3544 1040 3637 qui
1125 3548 1326 3617 recte
1393 3542 1780 3617 videbatur
1861 3564 2072 3617 unus·
2131 3544 2473 3639 zaphirus
2546 3548 2676 3619 dal
2740 3564 2985 3617 mezzo

631 3684 846 3757 pum,
903 3663 1106 3757 idest,
1169 3664 1264 3737 ab
1331 3662 1452 3737 illo
1520 3662 1960 3758 hemisperio
2027 3663 2387 3757 inferiori3
2459 3665 2655 3738 unde
2718 3662 2985 3739 dicitur

631 3783 1161 3879 hemisperium
1223 3782 1430 3879 quasi
1495 3783 1790 3857 dimidia
1841 3804 2098 3879 spera:
2155 3784 2507 3859 medietas
2566 3786 2761 3860 enim
2813 3786 2979 3861 coeli

641 3922 933 3998 semper
991 3910 1101 3978 est
1155 3924 1380 3998 super
1441 3909 1717 3978 terram
1736 3957 1757 3998 ,
1815 3902 1956 3979 alia
2027 3904 2380 3979 medietas
2446 3906 2663 3999 infra,
2723 3913 2809 3979 ut
2874 3905 2983 3979 di·-

635 4030 842 4098 ctum
876 4012 948 4115 (⁴)
999 4023 1196 4098 finali
1245 4023 1564 4118 capitulo
1614 4023 1902 4117 Inferni,
1951 4030 2027 4098 et
2075 4024 2360 4098 dicetur
2410 4025 2733 4100 secundo
2782 4025 2979 4121 capi-

632 4144 792 4219 tulo
827 4145 1183 4239 sequenti,
1217 4147 1434 4237 influo
1467 4148 1548 4217 al
1569 4146 1812 4237 primo
1848 4149 2038 4236 92‘r0,
2073 4144 2279 4239 idest,
2314 4166 2555 4241 usque
2593 4147 2685 4221 ad
2738 4147 2981 4221 circu·-

629 4266 792 4339 ium
827 4266 1047 4359 lunae,
1081 4264 1298 4338 cuius
1329 4264 1634 4361 globum
1675 4262 1845 4363 dicit
1877 4265 2241 4361 attingere
2272 4286 2511 4360 usque
2548 4265 2639 4341 ad
2674 4267 2975 4363 globum

635 4386 1024 4459 lunarem:
1095 4386 1212 4460 vel
1267 4389 1507 4478 primo
1579 4388 1776 4477 yiro,
1849 4386 2067 4481 idest,
2142 4406 2381 4481 usque
2454 4387 2545 4460 ad
2618 4386 2977 4462 circulum

633 4504 845 4601 ignis,
881 4505 1007 4599 qui
1059 4512 1172 4579 est
1219 4504 1502 4601 primus
1541 4506 1614 4578 in
1649 4524 1862 4600 spera
1899 4506 2313 4580 activorum
2366 4512 2441 4580 et
2480 4507 2977 4601 passivorum3

632 4631 710 4700 et
757 4626 1052 4699 videtur
1105 4626 1366 4701 melior
1417 4624 1793 4721 expositiO,
1851 4620 2257 4713 νίοοηιὶησίὸ
2310 4630 2541 4701 diletto
2590 4630 2741 4719 ayla·
2790 4630 2983 4701 occln'

635 4750 820 4837 mei,
855 4746 1125 4821 scilicet
1158 4746 1787 4840 intellectualibus»,
1831 4754 2031 4840 tosto,
2073 4746 2277 4840 idest,
2322 4768 2545 4841 quam
2592 4748 2761 4843 cito,
2796 4750 2975 4821 σΙιίὀ

630 4870 803 4942 usci'
822 4872 994 4961 tuor
1025 4870 1112 4939 de
1161 4870 1205 4941 ι’
1231 4868 1386 4939 aire
1417 4873 1676 4957 morta,
1711 4866 1978 4941 scilicet
2011 4868 2368 4961 infernali,
2404 4868 2531 4943 ubi
2572 4875 2765 4944 stant
2788 4888 2977 4943 vere

763 5054 817 5115 (¹)
847 5054 910 5103 E·
943 5059 994 5103 el
1025 5054 1276 5118 quietum.
1851 5051 1910 5116 (⁸)
1937 5055 1994 5105 S.
2027 5056 2168 5105 varie
2202 5056 2456 5106 dixerunt.

762 5129 816 5193 (¹)
847 5130 908 5180 E.
941 5129 1272 5182 intellexerit.
1853 5132 1908 5193 (⁸)
1941 5132 2002 5183 E.
2034 5133 2231 5183 dictu·
2262 5138 2342 5183 est
2370 5132 2528 5183 finali.
