4392 6850
1226 873 1504 930 cAN‘rns
1552 874 1867 931 memus
1912 872 2256 930 oca-Avus.
2769 862 2912 931 485

564 1019 839 1096 amoris
916 1020 1015 1094 ita
1084 1020 1414 1095 stimulat
1488 1039 1651 1114 eoS,
1719 1026 1795 1095 et
1868 1026 2126 1095 contra
2204 1026 2576 1115 torporem
2647 1020 2906 1093 militat

559 1141 785 1217 ardor
834 1140 1083 1235 animi,
1136 1140 1261 1234 qui
1327 1161 1501 1215 cum
1560 1139 1651 1215 sit
1701 1140 2057 1237 pessimus
2116 1140 2210 1215 ad
2270 1142 2524 1236 multa,
2559 1148 2671 1217 est
2719 1139 2909 1235 opti-

566 1283 733 1337 mus
788 1262 881 1337 ad
946 1262 1339 1355 virtutem3
1392 1281 1587 1355 nam,
1648 1268 1733 1335 ut
1780 1261 2027 1337 scribit
2078 1262 2566 1359 Augustinus:
2628 1261 2911 1336 Aristo-

570 1382 725 1457 tiles
780 1381 893 1458 vir
954 1381 1375 1459 excellentis
1448 1380 1719 1478 ingenii
1784 1381 2079 1476 eloquio
2130 1382 2410 1457 Platoni
2479 1381 2721 1477 impar
2780 1380 2910 1455 de-

566 1502 1012 1579 ambulando
1043 1501 1421 1597 disputare
1448 1503 1749 1596 solebat,
1788 1503 1983 1578 unde
2015 1503 2173 1578 eius
2209 1510 2408 1597 secta
2439 1502 2908 1577 denominata

572 1630 683 1699 est
730 1622 1261 1717 perypatetica3
1316 1628 1391 1697 et
1448 1622 1549 1697 sic
1615 1622 1922 1697 faciebat
1952 1616 2023 1714 (¹)
2090 1622 2522 1698 exercitium
2587 1622 2912 1697 salutare

572 1742 837 1819 animae
886 1749 961 1819 et
1010 1743 1320 1838 corpori.
1358 1744 1444 1817 Et
1476 1742 1801 1818 declarat
1846 1763 2147 1817 cursum
2192 1749 2270 1817 et
2299 1743 2697 1818 clamorem
2733 1742 2912 1817 isto-

575 1884 745 1939 rum
796 1884 928 1960 per
982 1884 1205 1939 unam
1260 1863 1883 1959 comparationem
1902 1858 2277 1959 pulcram.
2313 1861 2421 1938 Ad
2455 1854 2666 1937 cuius
2700 1862 2913 1937 intel-

574 1984 947 2081 ligentiam
997 1984 1219 2058 debes
1252 1983 1463 2077 scire,
1500 1983 1721 2077 quod,
1764 1984 1955 2059 sicut
1997 1990 2192 2078 patet
2225 1983 2421 2079 apud
2473 1983 2742 2056 multos
2777 2002 2914 2056 au-

574 2111 791 2198 toreS‚
856 2102 1149 2177 thebani
1219 2103 1549 2179 solebant
1620 2110 1825 2178 certo
1894 2109 2264 2198 tempore,
2304 2102 2682 2177 celebrare
2733 2103 2956 2177 festa·

573 2224 831 2301 Bacchi
882 2230 1217 2320 tempore
1266 2230 1667 2319 nocturn03
1721 2245 1894 2299 nam
1944 2224 2275 2299 coronati
2327 2224 2622 2317 hedera,
2672 2223 2910 2298 induti

572 2346 757 2439 pelle
805 2344 1062 2438 lincea,
1114 2350 1485 2439 portantes
1534 2345 1777 2420 hastas
1827 2345 2145 2419 virentes
2194 2342 2270 2416 in
2324 2363 2576 2437 manu,
2612 2343 2910 2417 exibant

569 2464 935 2540 civitatem
988 2464 1434 2559 Thebarum,
1468 2470 1545 2539 et
1574 2464 2067 2539 discurrentes
2097 2484 2230 2559 per
2273 2462 2464 2558 ripas
2515 2462 2906 2537 fluviorum

570 2605 879 2658 suorum
934 2604 1109 2659 cum
1161 2584 1433 2680 gaudio
1466 2591 1541 2660 et
1574 2585 1829 2659 furore
1858 2584 2300 2659 invocabant
2341 2602 2616 2658 nomen
2648 2583 2909 2658 Bacchi

576 2710 651 2779 et
696 2703 1253 2779 collaudabant:
1304 2704 1497 2779 idem
1568 2704 1929 2779 faciebant
1986 2724 2160 2778 cum
2221 2702 2536 2799 egebant
2601 2702 2772 2777 vino
2837 2710 2914 2779 et

574 2822 839 2919 pluvia,
894 2830 977 2898 ut
1024 2824 1273 2900 scribit
1322 2824 1615 2899 Statius,
1648 2824 1834 2898 Dicit
1864 2844 2085 2921 ergo:
2130 2831 2205 2898 et
2255 2823 2374 2897 illa
2411 2817 2910 2918 gens'discur-

576 2946 806 3037 rebat,
858 2948 983 3035 tal,
1033 2944 1239 3039 idest,
1291 2951 1443 3018 tam
1496 2944 1753 3021 festina
1802 2964 1974 3019 cum
2028 2945 2346 3037 fervore,
2397 2945 2598 3035 quale
2639 2947 2912 3047 Ismene

570 3072 640 3139 et
686 3071 948 3157 Asopo,
1001 3066 1149 3141 duo
1200 3066 1505 3140 flumina
1539 3066 1984 3159 Thebarum,
2020 3068 2175 3139 vide
2213 3055 2338 3156 ,ᾳὶὰ
2372 3068 2572 3159 suria
2609 3086 2648 3138 e
2687 3066 2911 3157 calca,

572 3184 777 3280 idest,
829 3185 1315 3261 festinantiam
1351 3192 1424 3261 et
1451 3184 1947 3279 frequentiam
1986 3184 2343 3281 gentium,
2377 3187 2454 3259 di
2484 3193 2666 3259 nocte
2701 3189 2912 3277 lunyo

569 3306 649 3379 di
692 3326 795 3396 se,
842 3304 1135 3399 scilicet,
1186 3326 1319 3401 per
1370 3305 1563 3401 ripas
1612 3325 1804 3399 suast,
1850 3324 1994 3397 pur
2042 3307 2161 3379 che
2215 3308 2244 3379 i
2303 3306 2502 3387 teban
2551 3308 2628 3379 di
2681 3310 2914 3379 Bacco

574 3447 858 3522 anve-sset·
888 3446 1099 3518 uopO,
1134 3426 1336 3520 idest,
1370 3425 1779 3522 indigerent
1811 3446 1951 3520 ope
1984 3425 2167 3500 eius·
2200 3426 2287 3500 Et
2323 3426 2437 3501 hic
2471 3433 2644 3500 nota
2679 3447 2917 3520 quan-

580 3555 736 3622 tum
786 3548 1235 3643 comparatio
1295 3548 1694 3623 auxiliatur
1754 3547 2125 3642 proposito
2144 3543 2178 3620 ε’
2235 3547 2294 3622 si
2363 3547 2558 3622 enim
2623 3547 2914 3623 thebani

574 3668 977 3764 surgebant
1024 3668 1118 3743 de
1166 3675 1383 3744 nocte
1430 3668 1525 3743 ad
1574 3667 1939 3744 canendas
1972 3667 2226 3742 laudes
2259 3668 2546 3760 Bacchi,
2582 3668 2710 3760 qui
2755 3667 2916 3741 sue-

578 3795 695 3862 rat
744 3797 1078 3883 repertor
1139 3788 1281 3862 vini
1348 3795 1423 3862 et
1482 3775 1853 3882 triumphi,
1906 3796 1991 3862 ut
2048 3787 2220 3863 dicit
2277 3787 2572 3880 PliniuS,
2640 3794 2916 3881 quanto

580 3893 813 4006 magis
862 3909 1227 3983 christiani
1279 3909 1548 3984 debent
1598 3929 1909 4004 surgere
1941 3914 2015 3982 et
2048 3927 2358 3983 currere
2385 3898 2460 3999 (²)
2500 3907 2594 3982 ad
2644 3927 2915 3980 canen-

578 4027 707 4103 das
756 4029 1011 4104 laudes
1060 4049 1240 4104 vero
1291 4030 1467 4123 Deo,
1519 4028 1647 4122 qui
1708 4033 1819 4103 est
1882 4025 2093 4103 dator
2150 4027 2482 4102 omnium
2547 4026 2912 4100 bonorum

579 4155 653 4224 et
702 4149 1193 4245 triumphator
1244 4151 1637 4224 malorum.
1666 4189 1765 4202 —
1802 4153 2023 4222 Tosto.
2090 4148 2220 4222 Hic
2279 4153 2494 4242 poeta
2557 4146 2917 4241 descripto

580 4290 806 4344 cursu
856 4269 1387 4350 accidiosorum
1438 4267 1778 4344 describit
1826 4268 2232 4342 clamorem
2275 4287 2561 4360 eorum,
2613 4273 2688 4340 et
2738 4285 2916 4339 con-

580 4389 869 4464 tinuans
920 4394 1204 4484 partem
1256 4388 1440 4485 parti
1493 4388 1694 4463 dicit:
1746 4395 1923 4462 tosto
1966 4390 2093 4481 fur
2138 4407 2362 4480 sopra
2411 4389 2555 4480 noi,
2621 4390 2696 4460 et
2745 4403 2919 4460 ecce

572 4529 905 4602 causam,
948 4505 1207 4601 perche
1270 4512 1499 4600 quella
1564 4509 1769 4582 turba
1828 4528 2123 4599 mamm,
2182 4507 2358 4602 quia
2425 4507 2746 4581 maxima
2807 4511 2918 4581 est

577 4629 799 4704 turba
860 4629 1118 4703 talium
1189 4629 1573 4705 vitantium
1636 4630 1988 4724 laborem,
2064 4633 2128 4704 si
2195 4649 2438 4704 movea
2517 4635 2688 4704 tutta
2755 4647 2919 4701 cor-

574 4753 803 4824 rendo
827 4775 851 4821 .·
904 4754 979 4824 et
1027 4757 1230 4824 certe
1279 4750 1709 4846 gravissima
1759 4771 1975 4844 poena
2026 4757 2137 4825 est
2188 4750 2338 4824 istis
2387 4750 2696 4824 assuetis
2747 4749 2916 4824 oti0.

707 4933 763 4996 (¹)
796 4934 857 4984 E.
892 4932 1109 4984 faciebat
1141 4933 1369 4986 officium
1398 4935 1640 4984 salutare.

708 5007 766 5072 (¹)
799 5009 859 5060 E.
892 5021 1109 5060 currere
1138 5015 1193 5060 et
1228 5009 1444 5074 psallere
1473 5011 1539 5061 ad
1571 5009 1837 5061 canendas.
