4392 6850
1538 900 1682 968 466
2263 910 2670 967 commu
2719 911 3157 965 sunonem

1536 1057 1737 1133 enim
1786 1055 2061 1131 accidia
2110 1076 2324 1130 amor
2371 1056 2770 1131 defectivus
2819 1056 2992 1131 boni
3031 1056 3329 1150 summi,
3363 1056 3562 1150 quod
3611 1056 3872 1131 arden-

1536 1176 1681 1251 tius
1718 1182 1981 1271 .pctere
2038 1176 2416 1251 debemus.
2469 1178 2594 1251 Est
2661 1196 2842 1273 ergo
2899 1174 3174 1251 accidia
3235 1176 3574 1269 quaedam
3643 1177 3870 1271 negli-

1534 1296 1805 1393 gentia,
1858 1296 2210 1392 tepiditas,
2261 1302 2335 1371 et
2385 1296 2592 1391 quasi
2645 1294 3279 1392 contemptibilitas
3336 1296 3430 1369 ad
3485 1296 3871 1390 acquiren—

1524 1418 1713 1492 ‘dum
1766 1418 2045 1493 bonum
2094 1417 2522 1513 appetibile;
2563 1422 2680 1509 qui
2727 1421 2892 1491 ritto
2939 1420 3004 1491 si
3049 1420 3344 1507 n‘stora,
3377 1416 3584 1511 idest,
3619 1418 3694 1491 in
3740 1417 3868 1493 isto

1536 1537 1815 1613 circulo
1866 1540 2268 1635 suppletur,
2321 1545 2394 1613 et
2443 1538 2921 1633 emendatur3
2975 1535 3138 1613 ideo
3185 1536 3394 1611 dicit:
3466 1540 3586 1629 qm·
3643 1542 3708 1611 si
3765 1542 3868 1612 ri·

1538 1657 1715 1731 batte
1745 1660 1801 1732 il
1828 1660 1975 1731 mal
2012 1660 2295 1731 tardato
2329 1678 2567 1751 rom03
2601 1663 2676 1733 et
2709 1664 2822 1732 est
2854 1656 3148 1753 propria
3183 1658 3634 1751 metaphora.
3673 1658 3868 1733 Sicut

1537 1776 1731 1852 enim
1786 1777 1909 1871 qui
1963 1778 2332 1875 navigavit
2357 1770 2431 1870 (¹)
2471 1777 2666 1853 lente
2715 1778 2790 1849 in
2833 1777 2952 1851 die
2985 1776 3277 1871 cogitur
3311 1776 3768 1871 frequentius
3795 1770 3864 1871 (²)

1538 1900 1938 1974 verberare
1970 1918 2242 1992 aquam
2277 1918 2454 1973 cum
2483 1918 2713 1991 remo,
2739 1898 2798 1971 si
2828 1898 2986 1972 vult
3019 1904 3444 1972 restaurare
3473 1899 3674 1992 quod
3707 1918 3870 1993 per-

1538 2019 1715 2093 didit
1762 2027 1837 2094 et
1888 2019 2274 2115 pervenire
2323 2018 2536 2093 citius
2593 2017 2686 2093 ad
2751 2025 3088 2113 portum3
3143 2018 3240 2091 ita
3292 2020 3514 2093 homo
3565 2019 3694 2113 qui
3745 2040 3869 2094 ne-

1537 2139 1929 2236 gligentius
1988 2140 2062 2212 in
2112 2139 2262 2213 vita
2315 2139 2617 2213 tetendit
2680 2139 2754 2212 in
2819 2138 3121 2232 bonum,
3181 2138 3471 2235 cogitur
3529 2138 3870 2213 solicitius

1538 2278 1848 2334 currere
1898 2266 2059 2355 post
2108 2264 2425 2333 mortem
2479 2258 2553 2332 in
2605 2258 2742 2333 isto
2793 2257 3072 2333 circuio
3121 2266 3414 2351 quarto,
3453 2258 3644 2332 sicut
3680 2258 3872 2333 dice-

1542 2384 1663 2452 tur
1715 2380 1789 2453 in
1838 2380 2171 2474 sequenti
2225 2378 2564 2475 capitulo.
2593 2384 2865 2452 —Ma.
2901 2378 3032 2453 Hic
3071 2377 3412 2473 Virgilius
3461 2378 3630 2472 quia
3685 2378 3872 2455 fece-

1459 2558 1467 2567 .
1544 2504 1657 2571 rat
1707 2498 2065 2573 rationem
2100 2489 2172 2591 (³)
2228 2498 2321 2573 de
2370 2519 2628 2573 amore
2677 2498 2930 2572 dilatat
2977 2516 3058 2571 se
3105 2505 3182 2573 et
3236 2497 3559 2571 extendit
3605 2498 3702 2571 ad
3747 2498 3873 2573 de-

1544 2620 2090 2695 terminandum
2141 2620 2500 2717 originem
2553 2625 2630 2693 et
2677 2638 2938 2693 causas
2989 2618 3186 2693 unde
3241 2626 3520 2713 septem
3579 2626 3870 2713 peccata

1542 2738 1959 2835 principalia
2010 2738 2431 2845 procedant,
2467 2759 2789 2833 quorum
2823 2738 3157 2813 omnium
3209 2744 3322 2813 oet
3361 2758 3583 2813 causa
3624 2756 3869 2832 amor3

1544 2866 1619 2933 et
1670 2860 2075 2935 summarie
2124 2860 2416 2935 videtur
2465 2860 2733 2954 dicere,
2785 2859 2983 2954 quod
3049 2858 3414 2953 superbia,
3473 2858 3739 2933 invidia
3803 2866 3871 2934 et

1543 2980 1654 3053 ira
1703 2980 2048 3056 oriuntur
2098 3000 2193 3056 ex
2242 3000 2502 3055 amore
2551 2980 2705 3054 sive
2743 2980 3062 3075 appetitu
3105 2980 3271 3053 mali
3309 2980 3384 3053 in
3415 2980 3871 3075 proximum:

1542 3100 1817 3185 accidia
1867 3122 1957 3175 ex
2012 3101 2212 3178 lento
2259 3122 2519 3177 amore
2579 3100 3009 3197 cognitionis
3059 3106 3135 3175 et
3181 3099 3674 3195 acquisitionis
3725 3100 3874 3175 veri

1544 3219 1750 3293 boni:
1788 3221 2071 3316 reliqua
2125 3221 2286 3315 tria,
2342 3221 2636 3314 scilicet,
2685 3219 3014 3313 avaritia,
3050 3219 3226 3316 gula
3267 3226 3342 3294 et
3393 3220 3712 3313 luxuria,
3749 3240 3875 3294 ua·-

1543 3348 1851 3415 scuntur
1901 3363 1991 3417 ex
2046 3342 2422 3439 superfluo
2470 3360 2729 3417 amore
2779 3362 2926 3416 non
2976 3339 3135 3415 veri
3174 3340 3368 3415 boni.
3403 3342 3492 3414 Et
3535 3342 3638 3416 sic
3671 3362 3876 3417 amor

1543 3483 1937 3557 perversus
1988 3469 2099 3538 est
2132 3463 2343 3560 origo
2379 3469 2454 3538 et
2491 3463 2700 3538 radix
2733 3461 3066 3537 omnium
3101 3468 3598 3557 peccatorum.
3635 3464 3877 3538 Primo

1544 3602 1726 3679 ergo
1775 3584 2085 3659 ostendit
2147 3585 2523 3678 quomodo
2573 3583 2914 3679 Virgilius
2971 3582 3226 3658 fecerit
3291 3603 3466 3656 eum
3515 3590 3874 3660 attentum

1544 3703 1639 3776 ad
1687 3703 1898 3776 istam
1956 3703 2486 3779 distinctionem
2544 3703 2971 3796 faciendam,
3021 3701 3452 3797 promittens
3501 3703 3633 3776 sibi
3686 3705 3876 3778 utili·-

1546 3826 1771 3896 tatem
1824 3822 2005 3898 eius,
2059 3823 2265 3898 Unde
2313 3822 2516 3897 dicit:
2569 3827 2696 3896 Ma
2732 3815 2991 3914 perche?
3011 3816 3136 3913 piet
3165 3827 3412 3914 aperto
3453 3825 3715 3895 attendi
3743 3843 3874 3896 mt-

1544 3961 1745 4032 cora,
1784 3942 1977 4017 ultra
2027 3942 2098 4017 id
2149 3943 2349 4036 quod
2397 3942 2546 4017 dixi
2597 3942 2689 4017 de
2739 3961 3019 4036 amore,
3057 3944 3245 4033 volyi
3289 3944 3364 4015 la
3413 3949 3631 4016 mente
3663 3963 3714 4014 a
3745 3964 3874 4034 mo,

1547 4062 1751 4157 idest,
1804 4063 2378 4157 speculationem
2443 4063 2840 4138 mentalem
2891 4061 2988 4136 ad
3037 4061 3266 4136 verba
3323 4081 3516 4156 mea,
3563 4083 3603 4135 e
3655 4049 3876 4156 pren·-

1548 4185 1755 4256 derat
1803 4185 2011 4258 alcun
2077 4185 2261 4256 buon
2305 4188 2524 4278 fruito
2591 4186 2667 4256 di
2725 4191 2972 4256 nostra
3031 4185 3360 4276 dimora3
3421 4183 3518 4256 ita
3577 4184 3777 4278 quod
3805 4173 3872 4276 (⁴)

1550 4324 1697 4384 non
1748 4305 2143 4400 perdemus
2192 4306 2406 4378 istam
2459 4311 2752 4378 noctem
2803 4323 2953 4397 qua
3005 4303 3366 4377 habemus
3419 4302 3693 4378 morari
3743 4304 3876 4379 hic.

1547 4425 1637 4497 Et
1685 4445 1862 4500 vere
1913 4443 2228 4522 magnus
2279 4424 2584 4518 fructuS‚
2619 4423 2794 4519 quia
2828 4441 2924 4497 ex
2960 4423 3096 4496 isto
3131 4441 3476 4497 sermone
3523 4421 3882 4520 colligitur

1548 4552 1699 4620 tota
1750 4545 1987 4620 forma
2038 4553 2113 4622 et
2164 4545 2475 4640 qualitas
2525 4543 2956 4640 purgatorii,
3009 4551 3084 4618 et
3139 4542 3386 4617 omnia
3451 4549 3764 4619 tractata
3807 4551 3882 4619 α

1550 4666 1927 4742 tractanda
2000 4666 2184 4740 fiunt
2259 4665 2626 4760 apertiora
2689 4665 2823 4738 ista
2886 4662 3342 4739 distinctione
3397 4661 3608 4736 facta.
3637 4698 3738 4717 --
3763 4659 3876 4738 Νό.

1547 4785 1676 4860 Hic
1726 4794 1938 4880 poeta
1992 4786 2306 4862 ostendit
2353 4785 2666 4881 qualiter
2707 4783 3046 4881 Virgilius
3081 4791 3531 4858 tractaturus
3573 4785 3878 4879 promis-

1672 4975 1726 5036 (¹)
1757 4971 1809 5025 S.
1840 4975 2061 5039 navigat.
2698 4969 2752 5035 (³)
2784 4971 2844 5021 Ε.
2877 4971 3201 5035 frequentius
3231 4973 3284 5022 tn
3317 4975 3470 5021 nocte
3502 4971 3792 5023 verberare.

1672 5049 1726 5112 (⁸)
1762 5055 1853 5102 11⁷
1884 5065 1914 5102 e
1947 5052 2007 5102 E.
2042 5052 2165 5102 fecit
2194 5051 2529 5102 mentionem.
2695 5048 2747 5109 (⁸,
2779 5048 2842 5098 Ε.
2875 5048 3015 5112 quod
3046 5059 3140 5112 par
3171 5048 3272 5100 hcc
3299 5059 3408 5098 non
3437 5047 3730 5110 memus»
