4392 6850
1190 965 1468 1020 CAN'rus
1519 965 1834 1022 DECIMUS
1883 966 2241 1033 QUARTUS.
2735 949 2875 1018 399

536 1110 798 1188 terruit
849 1115 1174 1186 mentem
1226 1108 1410 1202 eiuS,
1461 1111 1580 1182 che
1625 1113 1690 1184 si
1737 1113 2040 1204 dileaua,
2089 1132 2165 1184 se
2228 1110 2449 1184 subito
2498 1113 2574 1182 la
2622 1112 2882 1182 nuvola

537 1235 930 1321 scoscende,
981 1229 1185 1325 idest,
1239 1230 1514 1304 scindit.
1570 1231 1806 1326 Aliqui
1867 1237 2115 1306 tamen
2172 1231 2447 1324 dicunt,
2500 1229 2697 1324 quod
2748 1231 2884 1304 ista

543 1352 676 1426 fuit
726 1372 868 1426 vox
920 1350 1304 1447 Aglauros,
1357 1371 1526 1445 quae
1575 1351 1744 1426 dicit
1795 1342 1993 1444 quod
2044 1351 2311 1426 invidia
2343 1349 2627 1426 occidet
2678 1370 2883 1444 eam3

537 1471 654 1547 vel
707 1471 981 1566 dicunt,
1017 1470 1216 1566 quod
1265 1477 1376 1544 est
1427 1470 1693 1546 invidia
1744 1490 1912 1565 quae
1964 1471 2314 1566 loquitur,
2350 1477 2426 1544 et
2464 1469 2637 1544 dicit
2686 1469 2887 1564 quod

537 1612 756 1688 poena
809 1591 946 1666 loci
999 1590 1278 1667 occidet
1338 1612 1502 1666 eam
1531 1583 1629 1684 (¹).
1657 1631 1756 1644 -
1789 1595 2012 1664 Come.
2081 1590 2213 1664 Hic
2270 1596 2483 1685 poeta
2544 1589 2885 1664 describit

539 1712 940 1788 secundam
994 1731 1252 1787 vocem
1305 1731 1436 1806 per
1488 1731 1713 1805 quam
1767 1709 1982 1784 docet
2043 1709 2445 1785 refraenare
2512 1709 2881 1804 invidiam,

542 1831 814 1908 scilicet
863 1830 1390 1908 considerando
1437 1830 1663 1905 alium
1717 1830 2116 1924 pessimum
2170 1829 2515 1904 effectum
2569 1829 2879 1924 invidiae,

544 1971 714 2046 quae
767 1950 1003 2026 reddit
1052 1949 1424 2024 hominem
1477 1970 1808 2024 saxeum.
1853 1949 2058 2024 Sicut
2107 1949 2302 2024 enim
2358 1950 2583 2024 frater
2634 1950 2886 2025 invidit

546 2070 778 2165 fratri,
832 2078 913 2144 ut
961 2075 1160 2166 patet
1210 2089 1302 2144 ex
1354 2068 1590 2164 prima
1657 2069 1955 2144 historia
2018 2070 2261 2144 Sacrae
2312 2068 2735 2164 Scripturae,
2784 2069 2885 2144 ita

545 2211 759 2266 soror
811 2189 1061 2264 invidit
1119 2189 1380 2284 sorori,
1441 2196 1524 2264 ut
1587 2195 1785 2284 patet
1849 2209 1942 2264 ex
2013 2189 2142 2265 ista
2208 2189 2531 2264 secunda
2591 2189 2889 2264 historia

550 2311 958 2408 gentilium.
1015 2309 1120 2384 Ad
1169 2309 1605 2384 evidentiam
1661 2330 1842 2406 ergo
1893 2309 2112 2383 huius
2153 2309 2384 2384 literae
2418 2309 2642 2383 debes
2676 2308 2889 2404 scire,

548 2431 746 2526 quod
797 2431 984 2504 sicut
1033 2429 1283 2504 scribit
1330 2428 1642 2504 Ovidius.
1677 2429 2000 2504 secundo
2053 2429 2343 2504 Maioris
2394 2431 2590 2505 circa
2644 2431 2891 2525 finem,

549 2551 864 2646 Cecrops
899 2550 1026 2644 qui
1061 2550 1196 2624 fuit
1227 2549 1510 2644 primus
1543 2571 1676 2626 rex
1717 2549 2173 2625 Athenarum
2212 2549 2466 2624 habuit
2500 2557 2651 2626 tres
2686 2550 2891 2645 filias,

553 2692 872 2767 quarum
928 2691 1076 2745 una
1128 2676 1384 2745 vocata
1437 2676 1546 2746 est
1599 2670 1986 2764 Pandrase,
2039 2670 2181 2744 alia
2241 2669 2623 2766 AglauroS,
2677 2670 2891 2745 tertia

461 2879 472 2888 ι
551 2811 732 2866 vero
781 2791 1034 2865 Herse.
1087 2791 1494 2865 Mercurius
1543 2796 1800 2887 captus
1831 2811 2092 2865 amore
2129 2790 2396 2866 Herses
2428 2791 2893 2886 pulcerrimae

555 2911 889 2985 omnium
958 2909 1286 3006 corrupit
1357 2911 1750 3007 AglaurOS,
1811 2911 2172 3006 promisso
2245 2933 2515 3007 magno
2588 2911 2892 2985 cumulo

552 3052 646 3105 au
658 3031 740 3123 ri,
794 3037 878 3104 ut
928 3030 1346 3106 conciliaret
1397 3031 1527 3105 sibi
1578 3051 1912 3106 amorem
1967 3031 2240 3106 sororis
2290 3031 2556 3126 Herse3
2594 3039 2668 3106 et
2714 3031 2896 3106 assi-

554 3157 780 3246 gnato
829 3150 970 3244 die,
1011 3150 1268 3226 ordine
1299 3151 1494 3244 dato,
1529 3151 1795 3226 invidia
1839 3151 2130 3226 intravit
2181 3172 2313 3226 cor
2363 3153 2723 3248 Aglauros
2759 3171 2895 3247 pro

554 3271 1046 3366 pulcritudine
1111 3272 1407 3366 sororiS,
1459 3293 1629 3366 quae
1695 3272 2086 3348 amabatur
2146 3295 2189 3346 a
2254 3273 2376 3347 tali
2428 3278 2762 3366 amante3
2816 3278 2893 3346 et

555 3392 906 3467 continuo
955 3392 1318 3468 Mercurio
1371 3394 1726 3469 redeunte
1757 3393 1980 3489 coepit
2016 3399 2271 3489 petere
2306 3394 2495 3469 illius
2528 3415 2899 3489 amorem3

557 3513 684 3587 sed
738 3534 910 3587 cum
965 3512 1086 3588 ille
1111 3504 1188 3605 (²)
1239 3519 1642 3609 recusaret,
1684 3522 1760 3588 et
1797 3512 2160 3610 Aglauros
2201 3514 2619 3610 prohiberet
2658 3514 2898 3610 ipsum

559 3632 840 3707 intrare
889 3633 980 3707 ad
1032 3654 1390 3727 sororem,
1427 3634 1834 3710 Mercurius
1867 3635 2231 3709 convertit
2264 3655 2432 3709 eam
2484 3635 2559 3707 in
2606 3654 2901 3709 saxum.

560 3752 650 3825 Et
701 3758 874 3826 nota
925 3752 1124 3846 quod
1173 3754 1312 3826 sub
1362 3753 1496 3827 ista
1559 3754 1803 3828 sabula
1861 3754 2278 3829 continetur
2339 3754 2636 3829 historia
2702 3774 2903 3829 vera.

562 3873 750 3947 Nam
785 3874 1194 3947 Mercurius
1236 3873 1530 3949 realiter
1581 3874 1716 3949 fuit
1756 3876 1980 3949 homo
2019 3875 2094 3947 in
2135 3874 2439 3968 Graecia‚
2476 3895 2700 3970 nepos
2744 3895 2909 3949 ma-

565 3992 691 4089 gni
758 3992 1158 4089 philosophi
1223 3993 1652 4089 Trimegisti,
1705 3986 1832 4088 qui
1883 3993 2253 4068 adamavit
2314 3995 2619 4070 Hersem
2681 3994 2905 4069 filiam

565 4112 764 4209 regis
815 4113 1296 4207 Athenarum,
1349 4121 1426 4188 et
1473 4115 1803 4210 corrupit
1852 4115 2042 4188 illius
2091 4136 2425 4189 sororem
2463 4116 2906 4211 eloquentia,

565 4233 858 4327 astutia,
910 4239 985 4309 et
1037 4234 1344 4330 pecunia
1395 4256 1684 4331 magna.
1736 4234 1878 4310 Sed
1910 4233 2273 4331 Aglauros
2307 4256 2400 4311 ex
2436 4235 2700 4311 invidia
2735 4256 2910 4309 mu-

567 4354 749 4427 tavit
779 4354 1234 4450 propositum
1285 4361 1360 4430 et
1411 4355 1640 4429 voluit
1670 4355 1999 4450 praeferri
2033 4357 2270 4430 sorori
2304 4356 2379 4429 in
2412 4378 2709 4452 amore3
2747 4356 2910 4432 ideo

572 4480 806 4569 poetae
854 4474 1047 4550 hene
1096 4474 1469 4549 finxerunt
1521 4476 1720 4569 quod
1770 4482 2056 4551 mutata
2107 4483 2218 4551 est
2266 4475 2341 4550 in
2390 4497 2679 4551 saxum.
2724 4480 2910 4553 Nam

573 4593 840 4669 invidia
890 4600 1094 4669 recte
1144 4594 1438 4669 indurat
1500 4605 1575 4672 et
1635 4595 1998 4691 infrigidat
2057 4616 2188 4672 cor
2249 4596 2565 4671 hominis
2621 4597 2920 4692 privans

573 4714 812 4808 ipsum
863 4735 1126 4791 amore
1175 4723 1251 4791 et
1307 4716 1556 4791 calore
1615 4716 1958 4811 caritatis,
2011 4716 2309 4811 quando
2370 4717 2621 4812 implet
2670 4719 2911 4813 ipsum

579 4833 742 4909 odio
792 4841 1048 4909 contra
1100 4834 1400 4911 fratrem
1455 4840 1530 4911 et
1579 4856 1938 4929 sororem,
1989 4836 2176 4911 sicut
2212 4838 2287 4910 in
2322 4838 2663 4934 praesenti
2712 4860 2915 4915 casu.

699 5016 758 5079 (¹)
788 5022 880 5069 11⁷
909 5033 941 5071 e
973 5020 1038 5071 Ε.
1069 5034 1210 5083 eam3
1244 5022 1334 5073 sed
1362 5022 1516 5073 litera
1546 5035 1652 5073 non
1683 5023 1879 5086 patitur
1910 5022 2070 5076 talem
2101 5024 2569 5089 expositionem-
2595 5027 2757 5077 Come.

700 5092 758 5157 (¹)
789 5096 852 5147 E.
883 5095 974 5147 ille
1007 5097 1260 5149 trendens
1289 5103 1571 5150 recusaret.
