4392 6850
1458 958 1598 1024 154
2183 968 2591 1026 commun
2638 969 3075 1024 PURGAToan

1449 1121 1534 1188 ut
1608 1115 1818 1188 citius
1893 1114 2164 1209 possim
2232 1115 2621 1209 pervenire
2680 1114 2775 1188 ad
2836 1115 3375 1214 purgatorium,
3434 1118 3509 1189 in
3566 1121 3789 1189 Fano,

1445 1237 1534 1310 Et
1584 1237 1700 1310 hic
1739 1242 1911 1309 nota
1947 1235 2146 1329 quod
2177 1235 2465 1310 Fanum
2502 1241 2613 1309 est
2645 1235 2901 1310 civitas
2934 1235 3109 1310 satis
3146 1257 3442 1312 amoena
3478 1237 3553 1310 in
3588 1237 3801 1312 litore

1447 1356 1670 1430 maris
1719 1355 2004 1430 Adriaci
2055 1357 2130 1430 in
2181 1356 2482 1432 introitu
2533 1355 2873 1431 Marchiae
2920 1356 3259 1451 Anconae,
3310 1356 3567 1432 fertilis
3628 1358 3801 1432 vino

1443 1483 1520 1550 et
1567 1477 1754 1570 ole0,
1809 1477 1936 1551 sed
1988 1497 2136 1551 non
2186 1477 2403 1552 hodie
2452 1477 2870 1551 hominibus
2911 1477 3285 1570 civilibus3
3322 1497 3491 1571 quae
3526 1477 3641 1554 sic.
3662 1477 3797 1554 de-

1445 1596 1822 1670 nominata
1889 1602 2020 1690 est,
2087 1597 2261 1690 quia
2329 1597 2583 1670 fanum
2632 1617 2915 1692 graece,
2986 1597 3207 1672 latine
3274 1598 3541 1672 dicitur
3602 1605 3798 1672 tem-

1443 1717 1670 1811 plum.
1724 1717 1826 1790 Ibi
1879 1717 2075 1791 enim
2139 1717 2275 1790 fuit
2336 1715 2512 1791 olim
2576 1719 2932 1812 templum
2996 1718 3361 1792 famosum
3422 1717 3790 1812 Fortuuae,

1443 1855 1613 1930 quae
1663 1837 2034 1910 modicum
2087 1837 2265 1910 favit
2312 1837 2425 1910 isti
2462 1833 2597 1911 suo
2640 1837 2777 1912 civi
2816 1858 3033 1912 nunc.
3068 1837 3362 1911 Falsum
3406 1859 3585 1934 ergo
3620 1838 3793 1912 dicit

1443 1957 1860 2032 Gotifredus
1911 1958 2404 2044 viterbiensis,
2457 1958 2646 2032 sicut
2702 1965 2777 2034 et
2824 1959 2965 2033 alia
3016 1960 3272 2054 multa,
3325 1979 3494 2053 quae
3536 1959 3789 2033 scribit

1443 2077 1519 2152 in
1569 2098 1705 2152 suo
1755 2079 1964 2172 libr0,
2018 2079 2146 2171 qui
2208 2079 2473 2153 dicitur
2535 2079 2933 2172 Pantheon,
2986 2079 3186 2172 quod
3248 2079 3443 2174 apud
3502 2079 3789 2153 Fanum

1439 2199 1578 2276 fuit
1625 2200 1802 2273 olim
1855 2200 2213 2293 templum
2264 2199 2393 2273 Dei
2441 2198 2697 2292 Fauni,
2750 2200 2843 2273 ad
2894 2201 3092 2293 quod
3152 2200 3595 2277 visitandum
3658 2220 3791 2274 ve-

1439 2319 1739 2394 niebant
1769 2320 1940 2394 olim
1970 2319 2339 2416 peregrini
2367 2305 2461 2395 de
2484 2320 2815 2415 partibus
2838 2320 3242 2394 Galliarum
3278 2328 3417 2395 etc.
3452 2322 3540 2394 Et
3576 2321 3786 2396 dicit:
3842 2333 3851 2341 ·

1435 2433 1520 2532 si,
1546 2443 1666 2512 che
1698 2441 1824 2512 ben
1847 2463 1984 2533 per
2019 2461 2127 2512 me
2159 2443 2217 2512 ε’
2244 2443 2483 2533 adori,
2520 2457 2667 2515 non
2700 2441 3039 2536 fortunae,
3059 2441 3184 2515 sed
3222 2443 3351 2515 uni
3389 2463 3569 2517 vero
3602 2443 3777 2535 Dee,

1437 2560 1512 2633 in
1562 2560 1772 2633 cuius
1816 2581 2038 2634 manu
2077 2567 2187 2634 est
2221 2567 2488 2636 natura
2523 2566 2596 2635 et
2630 2561 2945 2655 fortuna,
2972 2563 3211 2654 perch’
3236 2565 3308 2634 io
3344 2582 3567 2654 possa
3600 2583 3779 2654 pur-

1434 2701 1578 2772 aar
1628 2685 1689 2754 le
1735 2683 1950 2771 yram·
1996 2687 2231 2774 offese,
2286 2681 2489 2777 idest,
2545 2687 2627 2755 ut
2688 2682 2957 2776 possim
3016 2682 3405 2776 pervenire
3462 2683 3558 2756 ad
3606 2703 3785 2778 pur-

1435 2801 1839 2896 gatorium,
1919 2807 1994 2874 et
2065 2821 2391 2897 purgare
2464 2810 2761 2896 peccata
2840 2821 3040 2895 mea,
3114 2802 3381 2895 quibus
3455 2803 3781 2899 graviter

1435 2920 1702 2995 offendi
1771 2923 2029 2996 Deum.
2071 2961 2171 2976 --
2216 2925 2487 3010 Quindi.
2558 2923 2687 2995 Hic
2748 2921 2985 2996 dictus
3051 2923 3345 3016 spiritus
3415 2924 3782 3019 specificat

1435 3040 1681 3115 locum
1750 3061 1906 3114 suae
1972 3041 2293 3138 originiS,
2346 3048 2419 3116 et
2472 3042 2806 3116 violentae
2858 3042 3137 3137 mortiS,
3190 3043 3481 3118 dicens:
3526 3048 3637 3138 sui
3682 3048 3779 3137 ie,

1434 3160 1639 3256 idest,
1691 3161 1783 3235 de
1832 3161 2175 3256 praedicta
2229 3162 2521 3236 civitate
2583 3162 2901 3256 fanensi,
2956 3183 3076 3234 ma
3128 3165 3177 3234 li
3220 3167 3561 3257 profonda·
3600 3169 3774 3258 sori,

1435 3279 1638 3374 idest,
1689 3282 2049 3356 foramina
2100 3287 2174 3356 et
2225 3283 2533 3356 vulnera
2590 3283 2819 3356 multa
2855 3282 3045 3356 facta
3084 3282 3281 3376 mihi,
3320 3284 3777 3380 penetrantia

1431 3406 1670 3477 totum
1723 3423 2012 3498 corpuS‚
2073 3405 2279 3493 onde,
2330 3402 2539 3497 idest,
2600 3424 2691 3477 ex
2754 3403 3023 3498 quibus
3082 3403 3583 3500 foraminibuS,
3636 3398 3779 3479 usci

1427 3524 1486 3597 il
1527 3544 1818 3614 sanyue,
1879 3524 2083 3615 idest,
2141 3524 2447 3617 effluxit,
2499 3526 2575 3597 in
2634 3526 2746 3597 sul
2800 3528 2993 3617 qual,
3049 3525 3343 3620 scilieet,
3396 3526 3775 3623 sanguine,

1429 3646 1500 3715 io
1549 3645 1781 3734 sedea,
1835 3643 2036 3737 idest,
2091 3644 2457 3739 vivebam,
2492 3645 2665 3737 quia
2702 3645 2999 3739 sanguis
3050 3652 3159 3719 est
3210 3645 3419 3720 sedes
3466 3646 3772 3741 animae3

1433 3763 1628 3837 unde
1683 3764 1906 3857 aliqui
1971 3764 2371 3859 philosophi
2443 3764 2711 3859 opinati
2775 3771 2967 3857 sunt,
3022 3764 3219 3858 quod
3280 3765 3525 3839 anima
3584 3773 3777 3841 esset

1418 3884 1750 3979 sanguis,
1797 3887 1959 3977 sacci
2007 3888 2104 3957 mi
2145 3889 2317 3978 suro
2366 3888 2441 3957 in
2490 3886 2779 3975 yrembo
2828 3887 2977 3975 aqli
3024 3887 3385 3976 Antenori,
3436 3885 3646 3979 idest,
3700 3886 3773 3959 in

1429 4004 1799 4080 territorio
1827 4006 2362 4101 paduanorum,
2391 4025 2577 4099 quos
2604 4005 2706 4079 sio
2729 4004 3153 4079 denominat
3174 3999 3249 4097 (¹)
3268 4007 3362 4079 ab
3378 4006 3769 4082 Antenore.

1428 4124 1534 4197 Ad
1585 4126 1785 4218 quod
1834 4132 2029 4219 nota,
2067 4126 2266 4220 quod
2316 4126 2569 4200 civitas
2618 4124 2959 4219 paduana
3010 4132 3121 4199 est
3168 4125 3611 4199 nobilissima
3649 4147 3773 4200 ra-

1427 4246 1625 4321 tione
1657 4247 2103 4340 antiquitatis
2155 4252 2230 4320 et
2278 4246 2641 4341 potentiae,
2687 4246 3064 4341 quoniam,
3100 4246 3287 4319 sicut
3326 4246 3574 4321 scribit
3608 4248 3771 4320 Vir-

1423 4366 1640 4463 gilius
1695 4366 1933 4462 primo
1968 4366 2299 4459 EneidOS,
2332 4368 2659 4440 Antenor
2694 4371 2853 4460 post
2892 4366 3261 4440 excidium
3302 4366 3605 4441 troianae
3638 4388 3773 4442 ur·-

1423 4488 1533 4562 his
1583 4488 1882 4562 veniens
1919 4488 1993 4560 in
2041 4487 2287 4561 sinum
2324 4487 2548 4561 maris
2582 4485 2890 4581 Adriaci,
2928 4487 3347 4583 subiugavit
3396 4471 3771 4591 euganeos

1420 4609 1726 4702 populos
1761 4607 2166 4682 habitantes
2195 4607 2268 4679 in
2307 4607 2715 4701 montibus;
2756 4608 2967 4681 cuius
3004 4608 3107 4683 rei
3146 4608 3488 4682 indicium
3528 4608 3771 4683 adhue

1422 4733 1532 4801 est
1561 4710 1660 4821 (s),
1707 4727 1904 4821 quod
1970 4726 2140 4801 viiia
2218 4746 2448 4821 prope
2509 4726 2832 4801 Paduam
2906 4747 3145 4821 usque
3206 4728 3278 4799 in
3338 4728 3766 4803 hodiernam

1422 4848 1616 4923 diem
1648 4854 1954 4923 vocatur
1987 4847 2477 4944 Burgegania,
2506 4849 2679 4942 quia
2715 4869 2807 4922 ex
2845 4850 3345 4944 Burgensibus
3375 4850 3771 4945 Euganeo-

1547 5098 1604 5163 (¹)
1639 5104 1745 5162 11⁷,
1778 5100 2139 5154 denominavit.
2516 5099 2571 5164 (³)
2605 5102 2667 5151 E.
2702 5102 2871 5151 adhuc
2902 5106 2981 5151 est
3012 5101 3213 5165 opinio:
3246 5100 3367 5164 quia
3400 5098 3539 5151 villa.
