4392 6850
1430 941 1520 1008 12
2155 952 2565 1007 conamur}
2611 953 3051 1008 runenonn

1422 1119 1594 1174 men
1645 1099 1930 1194 turpius
1981 1097 2217 1171 visum
2272 1107 2382 1173 est
2430 1099 2716 1194 cedere,
2769 1099 2965 1194 quia,
3028 1105 3111 1172 ut
3168 1097 3341 1173 dicit
3394 1097 3588 1172 idem
3649 1119 3769 1171 sa-

1420 1217 1668 1314 piens:
1723 1219 2082 1314 Responde
2125 1219 2331 1291 stulco
2380 1239 2469 1291 ne
2515 1220 2645 1292 sibi
2691 1223 2971 1312 sepiem
3020 1221 3359 1292 videalun
3412 1218 3525 1290 Nu
3534 1237 3623 1292 nc
3672 1216 3765 1290 ad
3852 1221 3861 1229 '

1423 1339 1706 1412 literam
1772 1336 2146 1412 redeundo
2204 1338 2375 1413 dicit
2435 1345 2697 1433 poeta:
2759 1339 3077 1435 Calliope
3136 1346 3395 1434 surgat
3452 1343 3763 1431 armata,

1419 1459 1826 1550 sequitando
1873 1460 1930 1530 it
1977 1461 2116 1531 mio
2159 1467 2393 1549 canto,
2434 1457 2639 1553 idest,
2664 1459 2993 1555 juvando
3036 1459 3291 1533 favore
3328 1477 3465 1532 suo
3508 1477 3763 1532 meum

1423 1577 1788 1672 poeticum
1843 1582 2261 1672 tractatum,
2312 1598 2445 1651 con
2494 1581 2654 1670 quel
2694 1599 2943 1670 suono,
2994 1577 3265 1652 scilicet
3312 1583 3537 1651 cantu
3588 1597 3767 1673 poe-

1425 1698 1566 1771 tico
1618 1697 1998 1771 excellenti
2049 1704 2126 1772 et
2177 1699 2471 1794 potenti,
2524 1703 2601 1772 di
2656 1703 2791 1789 cui,
2852 1697 3121 1773 scilicet
3184 1697 3366 1793 soni,
3435 1701 3497 1771 le
3562 1701 3766 1772 Pione

1423 1821 1698 1907 misere,
1757 1817 1962 1911 idest,
2026 1817 2345 1892 Pierides
2397 1817 2713 1894 infelices
2766 1817 3277 1892 miserabiliter
3338 1821 3641 1892 mutatae
3689 1817 3763 1890 iu

1425 1937 1622 2033 picas
1663 1943 1958 2032 propter
1994 1959 2207 2012 suam
2242 1939 2625 2014 audaciam
2658 1945 2735 2013 et
2766 1939 3089 2013 calorem
3124 1937 3556 2034 juvenilem,
3604 1959 3767 2012 sen-

1425 2061 1562 2130 tiro
1609 2060 1678 2130 lo
1725 2062 1924 2150 colpo
1974 2062 2097 2150 tal,
2151 2059 2391 2132 maius
2439 2061 2711 2134 vulnus
2759 2079 2905 2133 non
2970 2064 3206 2152 potest
3264 2056 3421 2132 dari
3474 2058 3763 2154 talibus,

1421 2197 1648 2270 quam
1700 2177 2048 2274 detegere
2099 2179 2583 2275 ignorantiam
2620 2201 2857 2273 suam,
2910 2180 3029 2252 che
3060 2181 3390 2271 αι’-φησιν
3414 2183 3762 2273 perdono,

1420 2297 1594 2391 quia
1629 2319 2035 2393 numquam
2091 2307 2341 2395 postea
2376 2306 2678 2394 possunt
2704 2293 2779 2390 (¹)
2814 2319 3117 2394 sperare
3165 2305 3249 2371 ut
3282 2298 3765 2374 restituantur

1419 2418 1514 2494 ad
1565 2419 1874 2514 primam
1905 2411 1981 2512 (²)
2035 2419 2331 2513 famam,
2369 2440 2593 2513 quam
2638 2419 2841 2514 prius
2892 2417 3399 2514 intempestive
3455 2425 3531 2492 et
3578 2418 3765 2493 indi-

1421 2557 1566 2634 gne
1602 2527 1964 2634 usurpare
2013 2539 2147 2612 sibi
2196 2539 2689 2632 conabantur3
2742 2538 2935 2614 istud
2986 2539 3185 2612 enim
3218 2544 3329 2612 est
3362 2557 3761 2613 commune

1423 2659 1680 2733 vitium
1706 2660 2114 2755 Juniorum.
2158 2659 2249 2732 Et
2297 2659 2399 2733 sic
2434 2659 2598 2734 vide
2632 2665 2993 2753 quantum
3035 2658 3430 2733 similitudo
3466 2658 3639 2734 facit
3668 2655 3763 2732 ad

1420 2779 1904 2875 propositum3
1945 2779 2116 2874 quia
2167 2787 2383 2875 poeta
2436 2786 2681 2854 noster
2716 2780 3055 2875 implorat
3089 2780 3204 2853 hic
3244 2787 3329 2852 ut
3370 2779 3523 2876 ipse
3566 2799 3765 2854 nunc

1421 2901 1644 2993 possit
1691 2901 2140 2976 confundere
2189 2902 2499 2975 aemulos
2550 2900 2847 2996 ignaros
2876 2891 2949 2993 (³)
3003 2901 3323 2994 poetriae,
3377 2901 3564 2975 sicut
3602 2901 3763 2996 jam

1421 3018 1738 3115 Calliope
1787 3020 2112 3094 confudit
2161 3018 2357 3116 picas
2405 3019 2863 3094 adversarias
2924 3039 3118 3113 suaS,
3178 3026 3255 3094 et
3302 3019 3567 3094 dimisit
3634 3039 3761 3094 eas

1422 3139 1496 3213 iu
1549 3141 1746 3216 mala
1792 3141 1977 3214 hora
2027 3160 2198 3214 cum
2245 3139 2527 3237 garritu
2564 3160 2702 3214 suo
2738 3139 2908 3214 nibil
2946 3139 3315 3214 nocituras
3366 3139 3519 3213 sibi.
3558 3139 3761 3214 Sicut

1420 3279 1601 3354 ergo
1671 3279 1938 3355 magna
2007 3261 2209 3333 Musa
2285 3260 2597 3334 obtinuit
2658 3259 3037 3334 victoriam
3102 3264 3357 3333 contra
3425 3258 3763 3333 soeminas

1419 3379 1758 3478 garrulas
1827 3399 1996 3476 quae
2065 3380 2436 3455 audebant
2506 3379 2877 3476 disputare
2950 3399 3228 3475 secum,
3287 3379 3387 3453 ita
3446 3398 3763 3477 magnus

1417 3508 1634 3597 poeta
1669 3508 1926 3575 contra
1960 3502 2271 3575 aemulos
2303 3502 2711 3597 garrientes
2748 3522 2957 3577 more
2990 3500 3413 3595 mulierum,
3444 3499 3570 3595 qui
3606 3508 3759 3575 tam

1421 3620 1816 3695 temerarie
1864 3641 2090 3715 quam
2143 3620 2571 3716 ignoranter
2629 3622 3001 3695 audebant
3058 3620 3511 3695 calumniare
3570 3620 3763 3695 bene

1417 3740 1606 3815 dicta
1658 3738 1839 3836 eiuS,
1893 3744 2245 3835 ponentes
2295 3761 2379 3815 os
2428 3741 2503 3815 in
2552 3742 2851 3835 coelum,
2900 3742 3091 3815 sicut
3137 3742 3455 3816 Pierides
3504 3749 3760 3815 contra

1417 3860 1613 3936 deos·
1669 3860 1810 3935 Sed
1873 3868 2090 3936 autor
2141 3868 2391 3935 noster
2441 3861 2766 3956 loquitur
2815 3862 3071 3937 laudes
3120 3862 3249 3936 Dei
3300 3870 3374 3935 et
3412 3853 3758 3955 'deor-um,

1419 3982 1624 4076 idest,
1676 3983 2136 4079 angelorum,
2188 3988 2275 4054 ut
2323 3982 2598 4084 patebit
2648 3982 2721 4057 in
2772 4002 3141 4078 processu.

1564 4105 1778 4175 Dolce
1833 4104 2052 4174 color.
2118 4100 2259 4174 Ista
2326 4108 2437 4175 est
2498 4102 2818 4177 secunda
2886 4122 3057 4196 pars
3116 4100 3477 4200 generalis
3539 4100 3763 4173 huius

1417 4221 1709 4317 capituli
1761 4220 2000 4316 primi,
2053 4220 2126 4293 in
2177 4242 2326 4314 qua
2378 4228 2597 4295 autor
2638 4228 2907 4315 noster,
2950 4222 3139 4297 sacta
3172 4221 3427 4317 pulcra
3462 4220 3761 4295 invoca-

1419 4342 1638 4437 tione,
1691 4342 1944 4415 volens
1992 4341 2437 4416 descendere
2500 4342 2592 4416 ad
2642 4348 3063 4437 tractatum,
3126 4343 3363 4439 primo
3422 4340 3762 4421 describit

1415 4465 1756 4559 pulcrum
1793 4470 2106 4557 tempuS,
2156 4483 2309 4555 quo
2359 4462 2653 4557 incoepit
2702 4463 3231 4558 pulcerrimum
3277 4482 3461 4557 opus
3512 4482 3761 4537 suum.

1413 4584 1765 4659 Describit
1817 4589 2066 4658 autem
2119 4589 2367 4658 ortum
2420 4602 2717 4657 aurorae
2764 4584 3007 4677 primo
3041 4602 3173 4678 per
3212 4582 3581 4675 effectum,
3618 4580 3763 4656 sci-

1415 4704 1584 4778 licet
1632 4724 1764 4799 per
1812 4705 2175 4779 clarorem
2229 4703 2466 4779 aeris:
2518 4702 2843 4779 secundo
2904 4722 3037 4799 per
3098 4724 3426 4797 causam,
3488 4702 3759 4777 scilicet

1417 4846 1546 4920 per
1597 4824 2120 4920 apparitionem
2171 4822 2508 4916 Luciferi,
2560 4824 2688 4917 qui
2748 4823 3285 4920 praenuntiabat
3334 4822 3565 4898 solem
3630 4842 3763 4898 we-

1541 5013 1594 5075 (¹)
1627 5012 1689 5063 E.
1723 5018 1937 5076 possunt
1970 5013 2171 5063 restitui
2204 5024 2301 5062 nec
2332 5024 2543 5074 speram
2574 5016 2651 5061 ut.
2902 5008 2957 5073 (¹)
2992 5015 3101 5071 11⁷,
3135 5010 3357 5075 primam
3390 5009 3635 5062 sormam.

1544 5087 1597 5150 (⁸)
1627 5088 1680 5138 S.
1713 5090 2024 5153 ignorantes.
