4392 6850
1263 892 1540 948 emus
1589 892 1901 950 moruus
1947 894 2239 951 snm.
2768 887 2909 953 ul

573 1061 720 1114 non
753 1060 1018 1135 opere3
1071 1059 1164 1114 ex
1216 1059 1370 1133 quo
1419 1041 1754 1134 sequitur
1803 1040 2231 1136 depravatio
2281 1043 2689 1118 hominum.
2728 1043 2913 1120 Dicit

577 1179 756 1256 ergo
806 1160 1092 1233 Marcus
1142 1159 1268 1253 qui
1319 1167 1806 1235 consueverat
1857 1162 1929 1234 in
1994 1161 2142 1236 vita
2203 1162 2394 1237 bene
2447 1164 2641 1240 scire
2708 1186 2913 1242 mor-

573 1279 783 1354 dere:
837 1285 928 1353 Le
962 1284 1143 1371 leym·
1173 1301 1377 1372 sono,
1419 1281 1609 1355 sicut
1660 1302 2023 1379 mosayca,
2059 1283 2505 1378 evangelica,
2541 1287 2727 1362 sacri
2760 1307 2906 1362 -ca-

576 1421 802 1475 nones
832 1395 932 1492 (¹),
985 1421 1104 1473 ma
1151 1404 1260 1474 clei
1302 1422 1450 1493 pon
1499 1423 1712 1475 mano
1746 1406 1845 1476 ad
1873 1409 2083 1475 esse?
2132 1401 2340 1496 idest,
2381 1406 2907 1498 operationem.

574 1523 660 1595 Et
707 1521 1054 1595 continuo
1122 1522 1505 1616 respondet
1572 1522 1703 1596 sibi
1768 1523 1897 1618 ipsi
1961 1521 2248 1597 dicens:
2308 1525 2540 1598 nullo:
2600 1532 2675 1600 et
2732 1545 2908 1601 ecce

573 1662 897 1734 causam,
937 1634 1119 1733 perd
1168 1645 1289 1716 clue
1311 1645 1364 1716 ’t
1397 1650 1653 1736 pastor
1691 1645 1811 1716 che
1845 1647 2168 1736 presede,
2204 1643 2410 1739 idest,
2446 1646 2905 1740 apostolicus,

572 1761 697 1854 qui
746 1761 1085 1856 praesidet
1132 1761 1385 1857 generi
1439 1762 1852 1864 christiano,
1891 1768 1975 1835 ut
2015 1762 2229 1837 saciat
2263 1763 2455 1837 viam
2512 1764 2633 1858 illi,
2682 1770 2906 1838 rumi-

570 1901 709 1953 nar
762 1873 935 1973 pud,
987 1881 1168 1955 idest
1231 1883 1457 1976 loqui,
1522 1904 1641 1956 ma
1703 1905 1846 1956 non
1906 1885 1999 1955 Ιια
2062 1887 2106 1955 l’
2132 1886 2384 1974 unyhie
2436 1888 2641 1977 sesse,
2699 1884 2907 1979 idest,

568 2000 1090 2096 operationem.
1146 2003 1234 2076 Et
1308 2003 1400 2076 ad
1454 2003 1992 2099 intelligendam
2072 2003 2285 2098 plene
2346 2004 2555 2077 istam
2618 2004 2905 2079 literam

570 2121 789 2196 debes
840 2121 1050 2214 scire,
1089 2122 1308 2216 quod,
1346 2122 1532 2197 sicut
1577 2123 1920 2197 scribitur
1954 2123 2029 2197 in
2076 2122 2395 2196 Levitico
2436 2123 2751 2218 capitulo
2786 2123 2907 2216 XI,

570 2242 763 2315 Deus
812 2241 1156 2336 praecepit
1207 2243 1477 2336 populo
1528 2243 1996 2316 hebraeorum
2029 2235 2104 2335 (²)
2160 2249 2241 2317 ut
2290 2243 2766 2317 comederent
2816 2242 2908 2318 de

566 2362 764 2435 omni
817 2361 1112 2436 animali
1166 2362 1365 2455 quod
1417 2363 1826 2438 ruminaret
1859 2370 1933 2437 et
1973 2363 2279 2438 haberet
2324 2364 2677 2459 ungulam
2725 2364 2909 2438 divi-

571 2504 762 2577 sam3
813 2483 907 2558 de
957 2503 1049 2557 eo
1099 2490 1350 2557 autem
1403 2465 1603 2577 qu'od
1635 2504 1781 2558 non
1827 2484 2258 2577 ruminaret,
2295 2489 2369 2558 et
2404 2504 2547 2557 non
2600 2484 2906 2559 haberet

574 2603 920 2698 ungulam
976 2602 1244 2697 fissam,
1291 2623 1437 2677 non
1488 2603 1980 2696 comederent,
2015 2603 2143 2678 sed
2177 2603 2645 2677 immundum
2681 2622 2906 2698 repu-

573 2730 847 2818 tarent3
900 2731 1009 2798 est
1056 2730 1314 2799 autem·
1373 2724 1771 2816 ruminare,
1823 2724 2070 2798 cibum
2132 2744 2176 2797 a
2231 2725 2607 2798 stomacho
2667 2722 2759 2798 ad
2804 2744 2902 2797 os

572 2865 942 2921 revocare.
995 2843 1206 2918 Modo
1256 2844 1348 2918 ad
1400 2843 1851 2937 propositum
1906 2844 2062 2918 vult
2119 2844 2364 2918 dicere
2411 2851 2651 2936 autor,
2705 2843 2903 2937 quod

568 2971 812 3061 pastor
863 2964 1264 3038 modernus
1301 2963 1488 3037 bene
1525 2964 1871 3057 ruminat,
1915 2963 2086 3058 quia
2120 2963 2339 3037 habet
2380 2963 2453 3036 in
2493 2984 2626 3038 ore
2660 2964 2900 3059 legem

569 3086 719 3178 Dei,
771 3093 844 3161 et
895 3085 1107 3180 plene
1155 3084 1466 3178 discutit,
1519 3090 1594 3159 et
1644 3085 1736 3159 de
1787 3084 1893 3159 rei
1947 3084 2254 3159 veritate
2305 3083 2903 3178 BonisaciuS,·qui

568 3213 744 3281 tunc
791 3210 954 3280 erat
1002 3224 1212 3299 papa,
1262 3205 1451 3279 bene
1508 3205 1780 3279 sciebat
1833 3203 2034 3300 leges
2095 3211 2170 3279 et
2236 3211 2561 3278 sanctam
2593 3195 2665 3294 (³)
2721 3202 2903 3277 scri-

569 3335 882 3425 ptumam,
919 3332 994 3402 et
1033 3325 1315 3420 scripsit
1366 3325 1437 3398 in
1478 3325 1653 3419 jure
1703 3325 2074 3418 canonico,
2109 3323 2237 3400 sed
2289 3345 2436 3399 non
2486 3324 2723 3398 divisit
2771 3342 2903 3418 po·-

570 3455 899 3525 testatem
955 3448 1435 3542 temporalem
1499 3467 1544 3520 a
1606 3445 1984 3541 spirituali,
2053 3445 2203 3519 imo
2264 3450 2673 3538 utrumque
2736 3444 2904 3518 offi-

564 3574 765 3648 cium
811 3570 1135 3646 confudit
1169 3570 1242 3643 in
1279 3565 1951 3643 unum—Percloe'.
1987 3567 2116 3642 Hic
2155 3569 2441 3643 Marcus
2477 3567 2770 3641 tandem
2807 3586 2897 3641 ex

565 3692 953 3789 praemissis
996 3691 1212 3765 infert
1243 3689 1786 3764 conclusionem
1823 3687 2313 3783 principaliter
2346 3686 2724 3781 intentam,
2758 3686 2901 3761 sci-

565 3815 752 3907 licet,
804 3810 1002 3906 quod
1055 3810 1324 3883 malitia
1375 3809 1684 3903 pastoris
1732 3815 1844 3882 est
1884 3806 2297 3903 principalis
2330 3828 2553 3881 causa
2594 3826 2900 3902 perver-

561 3933 782 4007 sionis
833 3930 1110 4005 mundi.
1163 3929 1367 4004 Unde
1415 3928 1622 4002 dicit:
1676 3924 1943 4002 Perclce*
1987 3931 2062 4001 la
2107 3934 2333 4019 yeme,
2383 3926 2655 4001 scilicet
2703 3924 2900 3999 chri-

561 4052 815 4145 stiana,
865 4054 985 4124 che
1052 4053 1218 4124 vede
1272 4070 1406 4122 sua
1461 4051 1705 4140 quida,
1766 4048 1971 4142 idest,
2034 4053 2425 4143 pastorem,
2485 4068 2629 4139 pm·
2683 4047 2900 4139 fedir,

563 4172 768 4265 idest,
820 4170 1042 4245 {crire
1099 4177 1174 4244 et
1233 4167 1632 4262 intendere,
1685 4189 1734 4240 α
1791 4172 1950 4260 quel
2005 4169 2159 4260 ben,
2220 4165 2562 4259 sensibili,
2614 4171 2900 4260 tempo-

566 4292 721 4384 rali,
770 4294 933 4365 ond'
961 4293 1096 4363 ella
1145 4282 1188 4362 e*
1227 4291 1516 4381 yhioua,
1554 4288 1754 4382 idest,
1796 4288 2031 4383 avida,
2087 4288 2261 4382 quia
2303 4285 2627 4362 assuevit
2677 4284 2775 4357 illi
2825 4291 2899 4360 et

560 4412 916 4488 delectata
966 4417 1077 4486 est
1141 4411 1235 4484 ab
1299 4409 1583 4505 origine
1645 4408 1901 4504 prima,
1958 4414 2039 4481 ut
2090 4408 2247 4503 jam
2310 4406 2894 4480 demonstratum

561 4540 690 4627 est,
741 4537 818 4608 di
866 4536 1025 4624 quel
1067 4536 1131 4606 si
1173 4552 1411 4625 pasce,
1463 4529 1756 4623 scilicet,
1793 4528 1914 4603 illo
1962 4529 2158 4602 bono
2193 4546 2445 4621 parvo,
2479 4532 2545 4599 et
2570 4520 2693 4618 ριίὶ
2725 4529 2902 4599 olere

556 4674 698 4726 non
750 4656 1005 4746 chiede,
1041 4653 1334 4746 scilicet,
1373 4650 1653 4725 maiora
1705 4650 1896 4723 bona
1947 4647 2369 4743 spiritualia.
2420 4646 2509 4718 Et
2559 4645 2673 4719 hic
2728 4651 2898 4719 nota

555 4772 753 4867 quod
804 4778 1014 4867 poeta
1067 4778 1315 4846 noster
1354 4772 1557 4866 juste
1604 4768 2083 4862 conqueritur
2133 4768 2227 4842 de
2288 4767 2484 4840 malo
2538 4764 2899 4861 regimine

677 4962 731 5023 (⁸)
765 4960 826 5010 E.
859 4973 1079 5010 canones
1108 4966 1163 5010 et
1194 4959 1514 5019 huiusmodi:
1546 4971 1636 5007 ma
1666 4958 1763 5006 chi.

681 5037 736 5101 (⁸)
770 5040 877 5098 117,
910 5036 1172 5088 hebraico.
1703 5031 1758 5095 (ἦ
1791 5036 1899 5093 1η,
1931 5044 2148 5083 m.
