4392 6850
1477 953 1758 1010 caurus
1804 954 2066 1009 nonus.
2197 983 2203 990 -
2794 937 2936 1006 273

594 1101 802 1196 vitiis,
828 1100 1231 1176 ascendunt
1267 1106 1592 1174 montem
1631 1099 2033 1198 purgatorii
2075 1119 2246 1174 cum
2277 1103 2493 1172 cantu
2534 1104 2608 1172 et
2642 1097 2935 1195 gaudie,

591 1227 664 1295 et
713 1220 1006 1296 solvunt
1055 1219 1297 1295 debita
1349 1239 1484 1293 suo
1534 1218 2010 1315 omnipotenti
2080 1218 2241 1292 Jovi
2300 1218 2375 1292 in
2432 1218 2753 1294 Ecclesia
2812 1240 2937 1294 ro-

591 1333 1088 1414 mana—Io.
1139 1339 1270 1413 Hic
1321 1333 1598 1414 ultimo
1642 1335 1854 1436 poeta
1915 1339 2257 1414 describit
2315 1331 2672 1435 gaudium
2738 1359 2936 1414 nunc

591 1459 864 1532 factum
919 1479 1054 1556 pro
1105 1458 1264 1533 eius
1315 1458 1672 1555 ingressu,
1726 1465 1802 1534 et
1849 1459 2066 1533 dicit:
2119 1462 2204 1531 Ιο
2253 1462 2350 1531 mi
2376 1461 2643 1533 nvolsi
2678 1466 2935 1533 attento

593 1579 670 1652 'al
710 1582 946 1672 primo
995 1586 1230 1670 ιαοηο,
1265 1578 1470 1672 idest,
1505 1601 1687 1654 sono
1727 1579 1936 1654 dictae
1985 1585 2376 1673 aperturae,
2420 1588 2495 1654 et
2532 1579 2776 1654 audivi
2814 1601 2935 1654 so-

595 1721 778 1773 num
826 1699 1377 1775 devotissimum
1429 1707 1734 1795 cantus;
1790 1699 1985 1774 unde
2029 1699 2231 1773 dicit:
2284 1721 2323 1772 e
2372 1703 2469 1773 mi
2510 1721 2739 1792 parea
2771 1704 2935 1775 udir

607 1828 697 1894 Te
745 1827 968 1894 Deum
1017 1823 1414 1912 laudamus,
1466 1829 1529 1894 te
1578 1825 1952 1895 Dominum
1994 1823 2417 1913 confitemur.
2454 1821 2542 1895 Et
2595 1821 2707 1895 hic
2760 1829 2935 1896 nota

596 1941 796 2037 quod
845 1942 1065 2016 istum
1121 1942 1480 2038 hymnum
1533 1943 1702 2018 fecit
1751 1943 2012 2017 beatus
2061 1941 2490 2017 Ambrosius
2546 1963 2719 2016 cum
2781 1948 2935 2017 tra-

599 2063 818 2136 xisset
849 2062 1341 2158 Augustinum
1378 2062 1472 2136 de
1506 2062 1714 2135 malis
1747 2061 2148 2156 erroribuS,
2186 2063 2385 2137 velut
2421 2061 2748 2137 medicus
2789 2061 2935 2158 spi-

595 2175 897 2276 ritualiS,
935 2182 1064 2276 qui
1114 2183 1432 2278 hymnus
1477 2182 1758 2257 cantari
1793 2183 1976 2257 solet
2009 2180 2251 2256 statim
2288 2187 2451 2276 post
2483 2181 2930 2256 creationem

593 2301 862 2375 'summi
930 2300 1314 2377 PontificiS.
1384 2301 1556 2377 Ideo
1623 2291 2144 2375 convenienter
2212 2299 2418 2396 lingit
2475 2300 2593 2375 bic
2654 2293 2931 2375 cantari

592 2423 946 2518 hymnum
1009 2423 1226 2497 istum
1296 2428 1452 2516 post
1519 2419 2073 2496 'conversionem
2137 2442 2349 2495 suam
2417 2421 2510 2496 ad
2570 2421 2932 2517 poeniten-

589 2541 785 2615 tiam.
849 2541 1050 2616 Sicut
1113 2562 1295 2638 ergo
1355 2537 1652 2616 sanctus
1712 2541 2139 2616 Ambrosius
2208 2541 2549 2616 sacerdos
2612 2542 2933 2616 cantavit

427 2681 444 2694 ·
589 2681 740 2756 prae
780 2661 1092 2757 gaudio:
1139 2666 1230 2734 Te
1267 2666 1492 2734 Deum
1531 2663 1928 2750 laudamus,
1966 2661 2272 2735 reducto
2312 2659 2721 2758 Augustino
2773 2655 2933 2736 viro

590 2781 986 2856 acutissimi
1045 2780 1338 2878 ingenii,
1391 2781 1486 2855 ita
1547 2799 1746 2854 nunc
1805 2780 1938 2854 iste
1999 2787 2293 2854 sanctus
2356 2779 2697 2855 sacerdos
2758 2801 2929 2855 cum

593 2921 863 2997 magno
940 2901 1123 2976 sesto
1195 2898 1514 2975 cantavit
1592 2900 1868 2975 dictum
1938 2901 2298 2996 hymnum
2370 2899 2784 2977 introducto
2857 2901 2935 2975 in

591 3021 1106 3118 purgatorium
1157 3021 1422 3096 Dante.
1457 3020 1615 3094 viro
1671 3019 1915 3116 magni
1981 3019 2292 3116 ingenii3
2343 3021 2461 3095 vel
2530 3021 2717 3095 forte
2784 3042 2933 3095 non

589 3131 830 3216 solum
884 3141 1020 3216 iste
1067 3161 1263 3215 unus
1311 3141 1620 3237 angelus
1671 3138 1988 3215 cantavit
2044 3141 2172 3215 sed
2222 3142 2458 3216 multi.
2495 3142 2584 3216 Et
2623 3142 2935 3218 ostendit

591 3263 895 3336 modum
932 3262 1136 3336 istius
1169 3268 1450 3356 cantus,
1487 3261 1772 3336 dicens:
1807 3265 1882 3336 in
1915 3283 2079 3336 voce
2111 3264 2317 3336 mista
2349 3266 2429 3337 al
2456 3266 2649 3338 dolce
2685 3284 2931 3337 suono,

589 3371 782 3459 Nam
827 3382 1178 3480 gaudium
1235 3403 1588 3480 magnum
1645 3381 1724 3456 fit
1774 3381 1848 3455 in
1899 3382 2089 3457 coelo
2124 3402 2349 3479 super
2380 3383 2626 3459 anima
2674 3403 2934 3478 pecca-

593 3504 768 3579 toris
819 3503 1332 3600 poenitentiam-
1369 3502 1692 3599 agentis3
1727 3508 1802 3577 et
1833 3502 2007 3577 dicit
2053 3524 2098 3577 a
2150 3503 2388 3598 simili,
2427 3504 2625 3598 quod
2668 3504 2933 3578 intelli-

587 3626 812 3721 gebat
859 3631 1154 3699 cantum
1199 3624 1535 3718 confuse,
1593 3624 1785 3697 'sicut
1842 3629 2102 3699 cantus
2168 3624 2297 3719 qui
2350 3624 2429 3698 fit
2479 3625 2698 3698 simul
2755 3646 2929 3700 cum

589 3766 771 3820 sono
821 3746 1102 3843 organi,
1165 3746 1238 3819 in
1296 3766 1446 3839 quo
1506 3744 1752 3839 aliqua
1810 3744 2038 3819 verba
2103 3744 2633 3842 intelliguntur,
2671 3747 2929 3841 ,aliqua

591 3887 779 3960 non3
817 3865 1012 3939 unde
1043 3864 1246 3939 dicit.
1287 3858 1394 3938 οἱὸ
1429 3866 1574 3937 ch’
1546 3884 1616 3937 w
1648 3866 1863 3938 udiva
1901 3866 1999 3937 mi
2035 3868 2299 3939 rendea
2333 3868 2436 3939 tal
2462 3869 2766 3957 imagine
2798 3888 2931 3960 ap-

582 3994 828 4080 punto,
881 3986 1086 4080 idest,
1139 3984 1712 4080 repraesentabat
1757 3984 1932 4057 mihi
1983 3984 2205 4059 talem
2258 3983 2571 4081 figuram
2631 3982 2931 4079 directe,

591 4110 762 4217 qual
777 4110 1094 4201 prender
1130 4110 1196 4179 si
1223 4109 1415 4180 suole
1453 4108 1736 4197 quando
1767 4109 1833 4179 si
1861 4095 2078 4197 stow(⁴
2087 4108 2133 4200 ),
2159 4105 2491 4179 stabatur
2542 4104 2617 4179 in
2652 4105 2930 4179 mundo

591 4229 750 4322 ist0,
811 4248 860 4299 a
924 4234 1176 4301 cantar
1235 4246 1368 4299 con
1425 4227 1703 4321 organi.
1763 4224 2040 4299 Audisti
2090 4226 2249 4320 jam
2312 4244 2505 4320 saepe
2564 4231 2927 4319 quantum

590 4349 706 4423 hic
785 4346 1042 4422 nobilis
1116 4346 1408 4420 animus
1485 4365 1656 4419 cum
1734 4363 2025 4419 summa
2093 4343 2573 4419 delectatione
2638 4344 2926 4419 vacavit

591 4470 924 4545 cantibus
955 4473 1029 4543 et
1061 4467 1255 4541 sonis
1298 4466 1592 4561 quando
1633 4466 1887 4562 potuit,
1923 4467 2024 4539 αι’
2049 4486 2139 4537 or
2169 4459 2231 4538 si
2262 4485 2351 4538 or
2390 4486 2485 4538 no
2524 4462 2933 4541 s’imendon

587 4594 652 4664 le
690 4592 966 4684 parole.
1019 4589 1106 4662 Et
1157 4588 1259 4661 sic
1309 4586 1496 4705 vide,
1529 4588 1782 4682 lector,
1819 4592 2000 4681 quot
2026 4585 2311 4659 nobiles
2345 4583 2937 4680 comparationes-

586 4716 802 4805 poeta
853 4708 1244 4783 inculcavit
1292 4708 1366 4781 in
1417 4707 1555 4781 isto
1604 4706 1992 4783 artificioso
2042 4705 2381 4801 capitulo,
2418 4705 2604 4779 sicut
2650 4706 2745 4780 de
2777 4706 2925 4782 Ga-

587 4828 925 4927 nymede,
976 4828 1070 4903 de
1118 4827 1412 4921 Achille,
1463 4827 1558 4901 de
1604 4826 1921 4923 organis.

610 5108 622 5117 ,
713 5028 769 5091 (¹)
803 5028 866 5079 E.
897 5028 1026 5079 idest
1060 5028 1308 5079 nubatur.

1973 5118 1980 5127 ο

1437 5140 1440 5145 -
1493 5133 2036 5149 -ψ--Ι

857 5218 941 5263 m
1529 5189 1546 5203 .
1930 5200 1936 5206 .
2608 5214 2662 5256 18
