4392 6850
2776 960 2929 1031 373-

572 1355 905 1427 GANTUS
969 1354 1356 1425 DECIMUS
1423 1354 1847 1437 QUARTUS,
1913 1356 2026 1423 ubi
2081 1356 2206 1423 duo
2266 1356 2519 1423 monam
2578 1357 2925 1439 spo-stom

725 1466 2092 1552 roqavenmtemDemtmfflisdiamm
2133 1467 2213 1535 de
2254 1469 2672 1553 cumpost-⁸⁰0⁶,-
2720 1468 2923 1537 ethna

730 1580 894 1647 dicto
939 1580 1426 1647 abhominantur
1469 1598 1680 1647 omues
1721 1578 2108 1649 habitatores
2147 1578 2337 1647 vallis
2380 1580 2555 1647 Ami
2597 1602 2643 1646 α
2669 1580 2926 1665 prinoi-

721 1693 834 1775 pio
878 1712 1072 1775 usque
1117 1691 1204 1757 ad
1245 1691 1496 1775 ᾒπαης
1517 1696 1578 1757 et
1591 1696 1824 1775 postea
1861 1690 2347 1757 abhominantur
2389 1692 2818 1759 romandiolae
2862 1698 2925 1759 et

733 1803 1108 1882 lombardo&
1153 1808 1214 1869 a*
1255 1804 1418 1870 siout
1461 1822 1672 1869 omnes
1728 1803 1994 1871 virtutes
2043 1804 2114 1869 in
2177 1805 2271 1871 eis
2315 1806 2604 1873 extinctae
2646 1810 2815 1885 sunt,
2864 1811 2925 1873 et

736 1913 914 1981 nulla
956 1912 1257 1981 nobilitas
1298 1914 1372 1979 in
1414 1914 1507 1980 eis
1547 1913 1872 1981 remansit.

745 2226 970 2397 σπι
1001 2313 1044 2393 ἐ
1069 2320 1288 2393 conlui
1317 2321 1438 2394 che
1459 2322 1514 2393 Ἰ
1537 2326 1786 2395 rto-mo
1817 2327 2046 2394 monte
2075 2322 2375 2395 cerchia.
2417 2322 2819 2416 Postquam
2854 2323 2930 2399 in

585 2440 942 2539 superiori
992 2439 1310 2535 capitulo
1359 2439 1718 2534 proxime.
1743 2440 2186 2535 praecedenti
2236 2447 2450 2537 poeta
2490 2450 2739 2519 noster
2774 2450 2931 2519 tra-

587 2560 808 2637 ctavit
855 2566 932 2635 et
977 2559 1492 2637 determinavit
1555 2559 1632 2635 in
1689 2561 2018 2657 generali
2087 2560 2182 2637 de
2246 2562 2684 2659 purgatione
2741 2563 2931 2639 invi-

589 2682 748 2777 diae,
799 2700 998 2755 nunc
1030 2686 1568 2776 consequenter
1599 2681 1858 2779 agitet
1891 2688 2156 2759 tractat
2187 2682 2263 2757 in
2297 2683 2585 2779 speciali
2635 2684 2731 2761 de
2780 2707 2933 2763 una

589 2808 812 2900 geute
858 2801 934 2876 in
985 2820 1135 2896 qua
1192 2802 1516 2877 multum
1567 2808 1826 2899 regnat
1883 2801 2174 2877 invidia.
2224 2804 2313 2877 Et
2360 2824 2685 2899 praesens
2730 2804 2933 2901 capi-

591 2922 832 2997 tulum
883 2922 1040 2996 XIV
1092 2928 1382 3017 oportet
1437 2920 1760 2999 dividere
1817 2922 1893 2997 in
1950 2928 2275 3016 quatuor
2312 2930 2557 3019 partes
2612 2944 2933 3021 genera·

593 3046 721 3121 les.
785 3044 868 3119 In
942 3041 1182 3138 prima
1245 3063 1568 3137 quarum
1644 3049 1860 3138 poeta
1925 3042 2319 3119 introducit
2384 3044 2571 3119 dnos
2637 3045 2933 3141 spiritus

593 3164 930 3263 egregios
979 3162 1304 3238 duorum
1355 3162 1733 3257 nobilium,
1775 3162 1870 3239 de
1917 3162 2138 3241 nobili
2186 3165 2563 3259 provincia
2611 3167 2933 3242 Roman-

591 3287 826 3381 diolae,
878 3284 1006 3381 qui
1057 3284 1440 3378 inquirunt
1487 3284 1585 3359 de
1629 3304 1742 3359 eo.
1796 3284 1880 3359 ln
1925 3284 2251 3361 semmda
2306 3284 2479 3361 tacit
2538 3306 2762 3361 unam
2822 3286 2937 3361 di-

591 3407 1044 3506 gressionem
1095 3405 1192 3482 ad
1239 3404 1792 3482 describendam
1844 3404 2109 3481 vallem
2141 3404 2319 3480 Arni
2370 3427 2547 3482 cum
2598 3407 2937 3484 habitan·

593 3528 812 3621 tibus,
861 3535 934 3602 et
985 3526 1062 3600 in
1109 3525 1402 3621 speciali
1435 3525 1932 3602 turbationem
1974 3525 2385 3622 Florentiae,
2419 3526 2557 3600 ihi:
2593 3533 2660 3600 Ε
2684 3530 2731 3602 Γ
2748 3531 2939 3604 αἰέν-ο

593 3651 798 3723 disse.
847 3649 930 3722 In
979 3647 1198 3724 tertia
1243 3645 1590 3722 describit
1636 3646 1865 3722 dictos
1913 3646 2102 3726 duos
2141 3645 2458 3742 spii-itm,
2495 3655 2569 3721 et
2608 3647 2941 3744 deplorat

597 3768 1090 3845 Romandiolae
1142 3768 1648 3862 mutationem,
1683 3765 1816 3842 ibi:
1870 3771 1972 3840 Lo
2011 3769 2130 3842 dir
2161 3769 2320 3844 del?
2344 3787 2510 3840 una.
2551 3769 2631 3842 ln
2674 3775 2941 3863 quarta

598 3897 674 3965 et
724 3887 986 3964 ultima
1032 3894 1298 3964 tractat
1345 3887 1438 3963 de
1496 3888 1726 3964 fraeuo
1785 3907 1940 3982 qno
2003 3885 2227 3982 possit
2286 3886 2623 3962 revocari
2682 3887 2941 3964 vitium

600 4010 914 4103 invidiae,
961 4009 1096 4083 ibi:
1155 4012 1291 4084 Noi
1334 4027 1688 4101 sapevam.
1733 4007 1850 4084 Ad
1899 4006 2227 4103 primum
2290 4027 2472 4104 ergo
2531 4005 2694 4082 dico
2744 4007 2945 4103 quod

605 4135 824 4224 poeta
867 4128 1264 4204 introducit
1283 4197 1292 4204 .
1309 4128 1498 4203 duos
1531 4127 1810 4204 nobiles
1842 4128 1940 4203 de
1974 4125 2449 4204 Romandiola
2494 4127 2947 4221 inquirentes
3018 4185 3039 4206 .

604 4249 698 4324 de
745 4267 860 4324 eo.
911 4248 1002 4322 Et
1061 4247 1156 4322 ad
1213 4247 1684 4344 aperiendam
1737 4247 1934 4324 viam
1993 4247 2088 4323 ad
2148 4248 2343 4322 hanc
2396 4247 2781 4322 materiam
2834 4255 2949 4326 est

605 4367 844 4464 primo
893 4368 1296 4463 sciendum,
1337 4368 1534 4463 quod
1567 4365 1680 4444 isti
1712 4367 1866 4442 duo
1897 4365 2192 4463 spiritus
2242 4366 2597 4442 notabiles
2636 4373 2847 4442 erant
2870 4363 2943 4462 (¹)

603 4487 904 4584 quidam
975 4489 1232 4564 nobilis
1283 4489 1396 4564 vir
1461 4493 1542 4564 et
1599 4487 1921 4584 prudens
1985 4486 2485 4562 romandiolus
2542 4487 2635 4562 de
2692 4487 2949 4565 Brote-

605 4608 840 4704 norio,
889 4616 1194 4684 vocatus
1243 4607 1480 4684 Guido
1527 4607 1652 4684 del
1696 4609 1936 4684 Duco:
1970 4608 2174 4684 alter·
2201 4627 2381 4682 vero
2432 4614 2595 4682 erat
2630 4607 2740 4683 vir
2776 4630 2951 4703 pro-

607 4731 745 4806 bm
783 4729 878 4806 de
915 4729 1232 4805 Forlivio
1279 4730 1374 4804 de
1407 4728 1632 4804 nobili
1660 4729 1885 4806 domo
1917 4727 2505 4822 Gabuleusium3
2542 4727 2671 4822 qui
2702 4730 2951 4824 ambo,

607 4850 860 4925 audito
909 4850 1272 4945 colloquio
1320 4849 1640 4925 dominae
1689 4848 1928 4945 Sapiae
1972 4869 2144 4924 eum
2206 4849 2461 4942 Dante,
2514 4855 2589 4923 et
2648 4869 2741 4924 ex
2810 4851 2951 4926 hoc

740 5113 796 5176 (¹)
829 5115 920 5163 11⁷
951 5124 982 5163 e
1013 5111 1073 5163 E.
1105 5117 1272 5174 orant,
1304 5125 1441 5164 unus
1472 5111 1697 5176 quidum.
