4392 6850
1535 921 1678 987 442
2256 928 2667 984 GOMENTUM
2714 929 3156 984 PURGATORu

1529 1075 2027 1171 praelawrum‚
2093 1073 2291 1169 quod
2342 1079 2452 1148 est
2516 1073 2725 1168 quasi
2784 1093 3007 1148 causa
3069 1073 3401 1148 omnium
3464 1075 3867 1173 malorum3

1529 1197 1726 1292 quia,
1779 1202 1864 1270 ut
1915 1194 2249 1270 videmus
2288 1193 2383 1268 de
2433 1192 2647 1286 facto,
2688 1194 3000 1288 populus
3048 1215 3094 1268 a
3146 1194 3477 1268 moribus
3526 1195 3863 1270 sacerdo—

1532 1322 1688 1390 tum
1743 1313 2020 1390 sacilius
2069 1313 2435 1388 contrahit
2483 1311 2653 1388 vitia
2706 1333 2932 1406 quam
2984 1313 3313 1390 virtutes,
3361 1314 3565 1389 Unde
3614 1315 3859 1412 argui-

1531 1442 1654 1510 tur
1705 1435 1846 1510 sic:
1899 1435 2202 1530 praelati,
2240 1441 2591 1529 pastores,
2632 1433 3047 1508 sacerdotes
3081 1439 3157 1510 et
3190 1435 3531 1532 religiosi,
3585 1437 3713 1530 qui
3752 1458 3860 1512 sa-

1530 1555 1952 1652 pientissimi
2003 1554 2389 1630 hominum
2438 1553 2703 1628 docent
2762 1574 2895 1626 nos
2960 1553 3305 1628 mandata
3364 1555 3494 1630 Dei
3544 1561 3619 1630 et
3670 1557 3859 1654 leges

1529 1681 1951 1752 sanctarum
2006 1674 2565 1769 scripturarum,
2618 1678 2874 1768 petunt
2924 1679 2999 1748 et
3064 1681 3415 1770 appetunt
3477 1676 3613 1750 ista
3680 1683 3856 1750 tem-

1527 1795 1828 1891 poralia,
1883 1801 2058 1891 puta
2108 1793 2475 1889 pecuniaS,
2527 1795 2958 1889 voluptates,
2994 1799 3070 1868 et
3110 1795 3325 1889 talia3
3362 1815 3544 1892 ergo
3574 1803 3709 1871 aut
3742 1817 3855 1872 co-

1525 1921 1888 2013 gnoscunt
1939 1936 2030 1990 ea
2079 1936 2243 1990 esse
2292 1916 2506 2009 bona,
2555 1921 2687 1989 aut
2735 1916 2973 1990 Deum
3025 1916 3673 1990 clementissimum
3729 1939 3851 2014 pro

1525 2035 1867 2112 omnibus
1943 2036 2101 2110 fore
2177 2056 2495 2130 passum.
2548 2035 2719 2110 Ideo
2795 2035 3074 2130 praelati
3148 2041 3494 2111 tenentur
3554 2038 3649 2114 de
3706 2039 3853 2112 ani-

1528 2156 1792 2232 mabus
1843 2154 2328 2242 subditorum,
2372 2154 2497 2248 qui
2542 2155 2771 2230 secuti
2824 2161 2999 2228 sunt
3048 2175 3309 2230 eorum
3364 2159 3553 2232 mala
3607 2178 3853 2234 exem-

1524 2274 1660 2370 pla.
1731 2275 1902 2350 ldeo
1977 2275 2222 2350 subdit
2286 2276 2612 2350 Marcus:
2688 2275 2815 2348 ben
2885 2278 3058 2367 puoi
3106 2279 3341 2366 veder,
3391 2296 3481 2350 ex
3536 2277 3646 2351 his
3696 2299 3854 2372 quae

1524 2393 1698 2489 dixi,
1749 2397 1870 2468 che
1918 2397 1989 2468 la
2040 2397 2235 2468 mala
2282 2397 2635 2486 condona,
2686 2396 2975 2488 scilicet,
3030 2395 3358 2490 pastoriS‚
3406 2390 3447 2468 e*
3490 2399 3563 2470 la
3611 2401 3855 2488 camon

1523 2515 1646 2586 che
1677 2516 1730 2588 'l
1777 2517 2033 2588 mondo
2087 2517 2182 2587 lia
2244 2519 2423 2608 fatto
2482 2535 2637 2606 reo,
2697 2515 2883 2590 sicut
2910 2506 2985 2606 (¹)
3049 2515 3221 2590 olim
3290 2515 3529 2590 bonus
3597 2516 3855 2592 ductus

1525 2633 1695 2708 fecit
1743 2635 2105 2710 mundum
2157 2635 2464 2729 bonum,
2498 2635 2687 2710 sicut
2738 2635 2969 2730 patuit
3002 2635 3077 2709 in
3117 2636 3481 2731 primitiva
3532 2637 3851 2732 ecclesia,

1525 2776 1564 2828 e
1611 2775 1754 2828 non
1801 2763 2064 2829 natura
2105 2758 2225 2828 che
2256 2758 2327 2828 'n
2362 2759 2477 2828 voi
2506 2759 2616 2830 sia
2648 2764 2981 2830 corrono.
3020 2757 3495 2832 Tolerabilius
3534 2764 3646 2832 est
3678 2779 3850 2855 ergo

1519 2874 1828 2971 propriis
1879 2876 2217 2950 laborare
2250 2874 2463 2970 vitiis,
2498 2897 2725 2971 quam
2760 2875 2835 2949 in
2871 2876 3411 2952 multitudinem
3452 2877 3851 2953 diffundere

1522 3002 1800 3090 pestem
1867 2995 2256 3088 vitiorum3
2308 2996 2472 3071 ideo
2532 2995 2681 3071 vita
2744 2997 3019 3091 praelati
3080 2996 3383 3074 deberet
3446 3018 3608 3072 esse
3670 2998 3850 3072 irre-

1523 3114 2024 3209 prehensibilis
2071 3121 2148 3190 et
2197 3115 2669 3211 inculpabilis.
2698 3155 2797 3170 --
2822 3118 3047 3190 Solea.
3084 3115 3215 3191 Hic
3254 3117 3539 3192 Marcus
3590 3117 3851 3191 confir-

1520 3242 1674 3310 mat
1735 3233 2010 3308 dictum
2061 3255 2287 3309 suum
2350 3236 2445 3310 ab
2508 3235 2798 3328 effectu,
2851 3235 3025 3329 quia
3082 3236 3263 3311 dum
3328 3236 3629 3310 fuerunt
3688 3237 3847 3311 boni

1517 3360 1865 3451 pastoreS‚
1918 3361 1994 3431 et
2045 3355 2365 3431 mundus
2432 3354 2569 3431 fuit
2625 3355 2885 3450 boum,
2936 3362 3010 3431 et
3073 3356 3173 3431 ita
3220 3376 3265 3432 e
3320 3362 3599 3432 contra.
3667 3357 3845 3433 Dicit

1515 3496 1734 3573 ergo:
1789 3482 2016 3550 Roma
2065 3479 2261 3551 clie'l
2306 3479 2489 3551 buon
2522 3480 2780 3551 mondo
2808 3482 2968 3571 seo;
3004 3483 3207 3553 certe
3248 3478 3421 3551 nulli
3468 3479 3843 3553 hominum

1519 3596 1820 3671 suerunt
1872 3618 2228 3705 unquam,
2280 3598 2405 3691 qui
2441 3599 2649 3693 plura
2688 3598 3167 3673 memoranda
3199 3599 3557 3694 gesserint
3586 3590 3661 3689 (²)
3694 3600 3843 3675 solo

1515 3736 1778 3792 amore
1827 3717 2116 3793 virtutis
2167 3740 2393 3813 quam
2448 3719 2757 3811 romani,
2792 3718 2889 3793 ita
2944 3726 3025 3792 ut
3056 3718 3151 3793 de
3185 3718 3407 3793 totius
3456 3719 3655 3793 orbis
3706 3720 3845 3795 cir-

1517 3839 1687 3912 culo
1741 3858 1884 3913 non
1935 3840 2261 3915 invenias
2313 3839 2524 3935 plura
2558 3840 2897 3934 exempla
2931 3840 3316 3932 virtutum,
3352 3860 3577 3933 quam
3615 3840 3691 3912 in
3736 3860 3847 3915 re-

1514 3960 1803 4055 publica
1857 3960 2074 4034 unius
2126 3961 2352 4052 urbiS,
2388 3960 2575 4034 sicut
2616 3965 2813 4054 patet
2854 3961 3055 4035 clare
3090 3959 3287 4055 apud
3318 3979 3579 4035 omnes
3630 3960 3846 4035 histo-

1513 4080 1726 4174 neos,
1776 4087 2028 4176 poetas
2075 4086 2150 4155 et
2202 4081 2541 4174 moraleS,
2592 4101 2779 4173 quos
2844 4079 3063 4155 latina
3128 4080 3544 4175 eloquentia
3610 4080 3843 4174 habet,

1509 4206 1706 4277 solea
1755 4222 1929 4275 aver
1978 4204 2100 4275 dui
2145 4204 2304 4291 soli,
2338 4201 2629 4295 scilicet,
2668 4199 3081 4295 pontificem
3128 4208 3203 4276 et
3252 4200 3676 4296 principem,
3730 4204 3841 4273 cloe

1503 4326 1764 4417 facean
1813 4325 2020 4395 veder
2071 4324 2116 4395 l·
2142 4342 2287 4395 una
2336 4344 2373 4395 e
2422 4324 2467 4395 l·
2492 4324 2683 4395 altra
2730 4322 3009 4411 strada,
3058 4320 3351 4413 scilicet,
3388 4319 3583 4395 viam
3636 4320 3840 4414 spiri-

1511 4444 1788 4518 tualem
1839 4448 1914 4517 et
1963 4443 2487 4539 temporalem3
2540 4441 2705 4517 ideo
2754 4440 2957 4515 dicit:
2994 4461 3033 4513 e
3064 4443 3179 4515 del
3208 4442 3465 4513 mondo
3504 4462 3543 4513 e
3576 4443 3651 4513 di
3686 4444 3838 4513 Dio,

1511 4564 1614 4637 Ita
1667 4562 2067 4637 reddebant
2117 4582 2290 4656 quae
2336 4568 2509 4635 sunt
2540 4560 2845 4635 Caesaris
2879 4560 3167 4653 Caesari,
3204 4564 3279 4635 et
3310 4580 3479 4654 quae
3510 4566 3685 4633 sunt
3718 4560 3837 4634 Dei

1509 4682 1684 4776 Deo,
1753 4682 1940 4757 sicut
1987 4681 2223 4777 patuit
2274 4682 2349 4755 in
2396 4679 2867 4757 Constantino
2928 4688 3003 4754 et
3062 4679 3432 4773 Silvestr0‚
3494 4678 3568 4752 in
3628 4680 3843 4753 Iusti-

1509 4803 1728 4879 niano
1787 4808 1862 4877 et
1909 4803 2242 4899 Agapito,
2294 4802 2365 4875 in
2428 4802 2689 4876 Carolo
2752 4802 3013 4898 Magno
3076 4807 3149 4876 et
3206 4798 3573 4874 Adriano:
3626 4806 3703 4873 et
3751 4801 3843 4873 ita

1637 5064 1691 5125 (¹)
1722 5063 1785 5114 E.
1817 5063 1950 5115 sicut
1982 5064 2120 5114 enim
2149 5064 2279 5115 olim
2310 5063 2477 5113 bonu·
2508 5062 2813 5113 conductus.
3188 5060 3241 5121 (²)
3270 5057 3323 5109 S.
3356 5062 3642 5121 gesserunt.
