4392 6850
1427 929 1566 1036 166
2147 977 2553 1034 comum
2602 976 3041 1033 runca-roan

1423 1358 1752 1428 CANTUS
1811 1357 2158 1438 SEXTUS,
2219 1359 2293 1424 in
2348 1377 2469 1442 quo
2531 1361 2766 1424 tractat
2818 1355 2897 1422 dc
2954 1355 3185 1424 eisdem
3238 1355 3615 1441 royantibus
3660 1375 3769 1424 eos

1562 1477 1926 1555 peccatores
1958 1491 2086 1554 pro
2131 1471 2255 1552 eis,-
2302 1473 2363 1536 et
2390 1473 2736 1554 postquam
2780 1468 3197 1536 discesserunt
3242 1468 3323 1534 ab
3368 1470 3463 1534 cis
3502 1451 3765 1538 invene·

1572 1588 1726 1649 runt
1785 1583 2114 1666 quemdam
2169 1587 2586 1648 mantuanum
2646 1582 2839 1647 civem
2892 1585 3178 1648 vocatum
3234 1578 3587 1648 Sorddlum
3654 1583 3773 1667 qui

1569 1700 1906 1762 veneratus
1949 1700 2042 1760 est
2087 1713 2192 1760 eos
2204 1717 2227 1776 ‚·
2274 1698 2333 1760 et
2362 1697 2635 1778 propter
2678 1692 2791 1759 hoc
2834 1691 2990 1759 dicit
3031 1690 3283 1758 Dentes
3310 1691 3509 1758 multa
3540 1698 3763 1782 contra

1569 1810 1764 1872 totam
1807 1805 2072 1871 Italiam
2115 1809 2174 1870 et
2220 1804 2531 1872 civitatem
2574 1802 2945 1870 Florentiae.

1581 2105 2002 2314 Quinum
2049 2200 2113 2270 si
2152 2205 2361 2291 parte
2392 2200 2447 2271 il
2472 2199 2721 2288 yiuooo
2754 2198 2939 2273 della
2976 2217 3185 2270 zara.
3239 2197 3633 2290 Postquam
3686 2195 3767 2270 in

1417 2321 1776 2418 superiori
1827 2319 2144 2414 capitulo
2193 2317 2533 2414 proxime
2582 2317 3021 2412 praecedenti
3060 2324 3275 2412 poeta
3310 2323 3561 2393 noster
3609 2322 3765 2391 tra-

1417 2441 1638 2516 ctavit
1687 2447 1762 2516 et
1794 2437 2309 2514 determinavit
2342 2437 2437 2513 de
2472 2445 2737 2534 quarta
2774 2437 3015 2534 specie
3059 2437 3440 2550 tardorum
3474 2437 3567 2512 ad
3602 2457 3763 2532 poe-

1417 2560 1792 2636 nitentiam
1867 2565 2414 2656 praeventorum
2489 2564 2731 2632 morte
2798 2558 3163 2653 violenta3
3234 2579 3433 2632 nunc
3500 2578 3763 2632 conse-

1416 2687 1730 2775 quenter
1779 2681 1854 2755 iu
1904 2679 2040 2754 isto
2092 2681 2182 2754 Vl
2232 2678 2553 2776 capitulo
2596 2679 3036 2755 immoratur-
3076 2679 3317 2756 adhuc
3368 2679 3443 2752 in
3494 2679 3760 2754 eadem

1416 2800 1764 2875 materia:
1809 2806 1884 2874 et
1916 2819 2240 2895 praesens
2272 2799 2801 2895 pulcerrimum
2838 2799 3237 2895 capitulum
3267 2781 3503 2895 potest
3534 2797 3761 2874 dividi

1413 2922 1486 2994 in
1523 2927 1845 3016 quatuor
1868 2926 2114 3015 partes
2145 2919 2549 3016 generales,
2578 2919 2656 2991 In
2684 2919 2925 3014 prima
2958 2939 3279 3013 quarum
3308 2925 3524 3013 poeta
3552 2925 3758 2993 tran-

1414 3048 1838 3117 scurrenter
1870 3039 2291 3137 perstringit
2324 3039 2605 3134 aliquot
2638 3039 2947 3115 istorum
2982 3039 3370 3137 spirituum
3399 3039 3759 3114 violenter

1411 3160 1989 3236 interfectorum.
2044 3159 2124 3235 ln
2173 3159 2495 3234 secunda
2534 3159 2825 3234 discutit
2844 3152 2917 3252 (¹)
2970 3179 3196 3234 unam
3250 3158 3763 3254 quaestionem,

1415 3301 1583 3378 quae
1639 3281 1877 3356 oritur
1941 3280 2134 3355 circa
2200 3279 2585 3354 materiam
2638 3286 3187 3374 pertractatam,
3239 3289 3311 3356 et
3366 3278 3767 3354 introducit

1412 3404 1487 3478 in
1529 3401 1824 3498 speciali
1857 3421 2091 3475 unum
2129 3401 2576 3498 singularem
2613 3401 2947 3497 spiritum
2982 3407 3549 3478 conterraneum
3593 3401 3765 3474 Vir-

1411 3524 1558 3621 gilii
1610 3523 1704 3598 ad
1753 3522 2205 3617 loquendum
2268 3542 2551 3616 secum,
2602 3521 2740 3596 ibi:
2811 3528 2892 3595 Io
2958 3524 3343 3596 cominciai.
3397 3523 3477 3595 In
3542 3520 3757 3595 tertia

1411 3644 1579 3719 facit
1629 3664 1854 3718 unam
1909 3642 2458 3740 digressionem,
2492 3642 2569 3715 in
2620 3664 2767 3737 qua
2817 3642 2987 3719 facit
3038 3662 3258 3717 unam
3314 3641 3753 3716 invectivam

1410 3770 1664 3839 contra
1716 3762 2023 3858 Italiam,
2073 3768 2148 3838 et
2197 3762 2629 3860 principales
2692 3769 2995 3839 autores
3058 3760 3518 3837 desolationis
3569 3762 3762 3857 eiuS,

1409 3884 1553 3959 ibi:
1607 3886 1741 3958 Alci
1787 3904 1996 3957 serva
2045 3886 2277 3957 Italia.
2330 3882 2411 3955 ln
2464 3890 2731 3976 quarta
2766 3889 2841 3957 et
2882 3882 3137 3957 ultima
3172 3881 3342 3957 facit
3377 3902 3600 3955 unam
3639 3866 3757 3955 in'-

1411 4004 1770 4079 vectivam
1839 4003 2232 4099 specialem
2300 4010 2556 4078 contra
2624 4002 3066 4078 Florentiam
3133 4002 3442 4097 patriam
3514 4022 3762 4096 suam,

1407 4126 1550 4200 ibi:
1605 4129 1902 4199 Fir-euzo
1947 4126 2114 4197 mia.
2166 4122 2274 4197 Ad
2324 4123 2648 4218 primum
2702 4124 3001 4200 veniens
3068 4122 3228 4197 dico
3287 4122 3485 4217 quod
3534 4128 3751 4217 poeta

1410 4246 1732 4321 breviter
1764 4246 2132 4342 percurrit
2165 4243 2523 4339 quosdam
2560 4245 2655 4321 de
2689 4264 3005 4319 numero
3038 4242 3579 4339 praedictorum,
3622 4243 3760 4319 sed

1408 4367 1646 4463 primo
1695 4366 2068 4462 praemittit
2102 4366 2641 4462 dispositionem
2679 4366 2871 4441 illius
2914 4364 3393 4440 multitudinis
3428 4385 3607 4460 erga
3642 4385 3755 4459 se,

1408 4494 1483 4562 et
1517 4487 1626 4561 sui
1665 4507 1848 4583 erga
1875 4486 2033 4562 illos
2073 4506 2208 4582 per
2251 4507 2475 4561 unam
2518 4484 3143 4581 comparationem
3170 4485 3527 4581 pulcram,
3556 4506 3762 4580 quae,

1408 4608 1578 4702 quia
1605 4609 1805 4696 clara
1831 4614 1964 4703 est,
1995 4613 2076 4682 ut
2111 4614 2266 4682 tota
2293 4606 2411 4682 die
2446 4606 2897 4702 experientia
2922 4604 3156 4699 docet,
3186 4610 3359 4680 nota
3386 4611 3750 4699 quantum

1409 4728 1499 4803 sit
1532 4728 1846 4823 propria.
1875 4727 2078 4803 Sicut
2112 4727 2309 4802 enim
2346 4726 2703 4803 victorem
2739 4725 2814 4799 in
2848 4724 3022 4802 ludo
3054 4724 3327 4819 azardi,
3356 4724 3567 4798 multi
3602 4724 3756 4799 cir·

1409 4849 1758 4925 cumdant
1790 4846 1830 4891 *
1855 4849 1972 4923 alii
2007 4870 2052 4923 a
2087 4848 2347 4943 fronte,
2372 4848 2491 4923 alii
2518 4869 2561 4921 a
2591 4853 2824 4943 terge,
2851 4853 2927 4921 et
2950 4846 3069 4921 alii
3096 4843 3187 4920 ad
3215 4844 3549 4919 dextram
3571 4845 3611 4889 *
3648 4838 3762 4941 (²),

1555 5036 1568 5066 ,
1645 5038 1664 5053 ,
1755 5039 1767 5051 .
1925 5039 1936 5052 .

1527 5040 1589 5180 ((’ἰ
1617 5039 1689 5166 ξε
1719 5039 2015 5179 ἰῗιῖἒῦεηῐιιῖι
2044 5116 2062 5167 i
2095 5116 2196 5167 duc
2228 5115 2494 5168 asterischi
2525 5128 2653 5166 sono
2684 5114 2926 5189 aggiuute
2958 5114 3095 5179 dagli
3124 5112 3245 5165 altri
3276 5110 3465 5163 Codici.
