4392 6850
1485 1002 1764 1058 cmm-us
1812 1003 2137 1058 rennos.
2894 991 2985 1058 89

637 1148 732 1223 ad
783 1148 1231 1246 patiendum,
1286 1153 1608 1222 tormenti
1619 1176 1650 1243 ;
1701 1149 1774 1222 in
1826 1149 2174 1247 generali.
2212 1149 2505 1224 Modum
2548 1155 2802 1224 autem
2842 1169 2989 1223 non

638 1271 800 1344 vult
863 1291 1024 1346 esse
1089 1268 1298 1344 nobis
1369 1277 1673 1364 notum3
1750 1271 1946 1346 unde
2013 1269 2229 1344 dicit:
2305 1271 2459 1362 che,
2522 1271 2736 1364 idest,
2818 1289 2987 1363 quoe

639 1391 876 1464 virtus
925 1389 1189 1483 divina,
1240 1411 1385 1463 non
1435 1393 1600 1465 vuol
1642 1394 1819 1464 ch’a
1867 1394 1990 1464 noi
2034 1393 2098 1464 si
2159 1391 2353 1481 sveli,
2405 1389 2611 1482 idest,
2680 1389 2987 1464 manife-

641 1516 898 1604 stetur,
949 1531 1142 1584 come
1181 1513 1296 1604 sa,
1346 1511 1550 1605 idest,
1603 1511 1975 1605 quomodo
2026 1508 2335 1605 disponit
2384 1510 2487 1584 sic
2536 1512 2842 1585 umbras
2892 1510 2985 1584 ad

641 1653 958 1728 poenam.
1023 1631 1112 1704 Et
1183 1640 1480 1726 propter
1545 1634 1684 1707 hoc
1756 1632 1926 1707 facit
1992 1630 2341 1707 continuo
2412 1631 2765 1726 optimam
2838 1630 2987 1704 dis-

639 1752 1054 1826 suasionem
1105 1758 1364 1826 contra
1415 1750 1810 1847 superbam
1861 1751 2360 1826 curiositatem
2406 1750 2815 1843 bominum,
2854 1751 2979 1846 qui

641 1877 985 1966 quaerunt
1045 1871 1327 1945 ratione
1389 1871 1707 1946 naturali
1753 1872 2215 1968 investigare
2280 1877 2564 1946 secreta
2631 1870 2786 1964 Dei,
2855 1870 2979 1963 qui

641 1999 893 2066 tamen
943 2011 1088 2066 non
1150 1999 1454 2086 possunt
1513 2011 1960 2089 cognoscere
2020 1989 2603 2066 manifestissima
2668 1997 2980 2064 naturae.

642 2113 827 2186 Dicit
877 2133 1105 2208 ergo:
1157 2119 1371 2185 mallo
1421 2109 1462 2186 e*
1506 2115 1616 2185 chi
1661 2134 1874 2205 spera
1935 2115 2056 2185 che
2117 2120 2367 2184 nostra
2428 2113 2751 2201 rayione,
2796 2109 2985 2184 scili-

641 2243 760 2310 cet
818 2232 1192 2325 naturaliS‚
1232 2254 1456 2326 possa
1525 2241 1986 2325 trascorrere,
2055 2231 2441 2308 velocitate
2510 2229 2777 2327 ingenii
2839 2231 2983 2302 hu-

640 2352 860 2445 mani,
898 2355 970 2424 Ia
1002 2355 1272 2442 infinita
1307 2357 1450 2444 via,
1485 2352 1689 2446 idest,
1727 2351 2555 2448 incomprehensibilem,
2590 2354 2734 2442 che,
2776 2351 2982 2445 idest,

639 2491 862 2566 quam
902 2471 1123 2566 viam,
1157 2493 1302 2546 una
1326 2477 1688 2546 sustanzia
1722 2477 1796 2545 in
1831 2481 1936 2546 tre
1957 2493 2289 2566 persone,
2325 2472 2531 2565 idest,
2566 2471 2762 2546 Deus
2790 2491 2981 2544 unus

639 2599 712 2666 et
746 2590 1002 2686 trinuS,
1039 2595 1238 2684 tiene,
1276 2593 1542 2667 scilicet
1583 2594 1656 2666 in
1692 2593 2058 2688 puniendo
2100 2593 2423 2667 animam
2467 2591 2979 2686 incorpoream

639 2713 806 2809 igne
871 2712 1255 2807 corporali.
1302 2753 1402 2767 -
1443 2717 1648 2786 State.
1711 2713 1842 2788 Hic
1909 2712 2250 2811 Virgilius
2314 2712 2480 2787 facit
2540 2732 2753 2785 suam
2806 2731 2975 2786 sua-

639 2833 916 2906 sionem
969 2832 1165 2908 circa
1231 2834 1567 2908 naturale
1633 2833 2073 2908 desiderium
2135 2833 2428 2928 sciendi,
2480 2841 2555 2907 et
2616 2832 2741 2907 dat
2790 2829 2982 2926 opti-

639 2975 845 3026 mum
897 2952 1277 3029 consilium
1315 2953 1661 3050 generale
1695 2954 2037 3028 omnibus
2073 2954 2511 3048 bominibu5‚
2554 2959 2633 3028 ut
2665 2953 2981 3028 debeant

639 3075 968 3150 animum
1007 3074 1377 3169 captivare
1425 3075 1499 3148 in
1545 3075 1988 3170 obsequium
2028 3074 2219 3169 fidei,
2254 3075 2537 3150 dicens:
2590 3081 2765 3148 state
2808 3093 2980 3146 con-

641 3199 826 3288 tenti,
873 3217 1138 3269 amana
1205 3182 1428 3287 pente,
1487 3196 1690 3290 idest,
1745 3218 1791 3271 o
1857 3217 2091 3294 genus
2160 3197 2596 3290 humanum,
2662 3199 2740 3269 al
2786 3199 2979 3288 quia,

638 3315 848 3410 quasi
915 3316 1152 3391 dicat:
1229 3315 1544 3390 sufficiat
1618 3317 1822 3390 vobis
1897 3315 2202 3392 credere
2273 3317 2443 3410 quia
2518 3317 2621 3391 sic
2688 3323 2830 3409 est,
2906 3322 2981 3390 et

639 3458 785 3511 non
837 3458 1176 3531 quaerere
1225 3444 1524 3533 propter
1560 3438 1730 3531 quid
1787 3444 1918 3533 est,
1971 3438 2046 3511 in
2082 3438 2190 3511 his
2232 3439 2324 3512 de
2358 3438 2626 3532 quibus
2677 3460 2721 3512 a
2775 3436 2979 3511 nobis

640 3579 787 3632 non
818 3564 1052 3653 potest
1084 3558 1296 3652 plene
1328 3558 1682 3655 assignari
1721 3558 1906 3633 ratio
1945 3559 2060 3633 vel
2094 3579 2353 3652 causa3
2382 3558 2739 3633 debemus
2778 3556 2977 3631 enim

637 3678 1056 3771 simpliciter
1107 3677 1438 3752 confiteri
1490 3678 1662 3772 quia
1717 3678 1884 3753 talia
1944 3686 2118 3752 sunt
2177 3677 2789 3773 supernaturalia,
2842 3696 2979 3751 nec

635 3797 728 3872 de
777 3798 882 3871 eis
931 3818 1322 3892 possumus
1374 3798 1647 3874 habere
1697 3799 2026 3873 notitiam
2083 3798 2217 3872 nisi
2258 3820 2392 3894 per
2426 3798 2977 3873 revelationem.

547 3950 558 3959 ·
634 3917 741 3991 Ad
793 3917 989 4011 quod
1041 3925 1213 3993 nota
1263 3918 1461 4011 quod
1512 3919 1916 3993 secundum
1967 3919 2475 4014 philosophum
2529 3918 2793 4012 duplex
2848 3937 2977 3991 co-

635 4037 886 4134 gnitio,
936 4037 1092 4112 sive
1141 4038 1661 4113 demonstratio
1714 4039 2028 4113 babetur
2079 4039 2169 4113 de
2222 4058 2327 4131 re,
2372 4038 2641 4112 scilicet
2680 4042 2979 4131 propter

635 4157 807 4250 quid
859 4164 935 4232 et
985 4157 1176 4251 quia.
1232 4158 1766 4233 Demonstratio
1817 4165 2116 4254 propter
2160 4157 2337 4252 quid
2372 4164 2483 4232 est
2519 4156 2813 4250 quando
2846 4156 2977 4231 de-

639 4273 1192 4371 monstratur(¹)
1245 4286 1318 4353 et
1369 4280 1724 4373 probatur
1787 4278 2090 4354 effectus
2141 4300 2275 4374 per
2322 4299 2623 4352 causam
2680 4298 2847 4373 quae
2898 4276 2977 4351 flt

635 4419 680 4471 a
730 4398 1001 4492 priori3
1054 4397 1579 4473 demonstratio
1633 4419 1811 4473 vero
1863 4398 2034 4493 quia
2085 4406 2194 4473 est
2260 4419 2429 4493 quae
2488 4397 2568 4471 fit
2630 4418 2673 4471 a
2733 4404 2979 4492 poste-

636 4518 832 4611 riori,
877 4519 1148 4594 scilicet
1199 4518 1492 4613 quando
1542 4520 2091 4593 demonstratur
2141 4540 2363 4594 causa
2419 4539 2549 4613 per
2601 4518 2975 4614 effectum,

632 4638 822 4712 sicut
869 4638 1108 4735 gratia
1159 4639 1475 4734 exempli
1525 4639 1762 4714 simile
1813 4638 2145 4714 videmus
2210 4639 2283 4711 in
2346 4638 2569 4712 rebus
2624 4638 2977 4713 naturali-

632 4757 812 4853 bus3
868 4780 1170 4858 magnes
1221 4762 1414 4837 enim
1469 4760 1769 4835 attrahit
1818 4760 1909 4835 ad
1961 4781 2041 4835 se
2075 4761 2384 4851 ferrum,
2420 4766 2495 4833 et
2538 4779 2685 4833 non
2722 4768 2973 4836 tamen

629 4880 930 4953 attrabit
979 4901 1230 4957 aerem
1283 4881 1417 4955 sibi
1467 4880 1893 4955 viciniorem
1933 4887 2007 4955 et
2047 4881 2397 4955 leviorem
2424 4904 2443 4975 3
2482 4879 2609 4952 sed
2662 4880 2722 4953 si
2772 4882 2978 4956 adhi-

759 5130 814 5195 (¹)
846 5131 908 5181 Ε.
939 5133 1326 5184 demonstratur
1355 5132 1574 5184 effectus
1603 5138 1656 5184 et
1689 5134 1939 5197 probatur
1973 5146 2066 5197 per
2098 5148 2323 5185 causam.
