4392 6850
1432 996 1476 1065 4
2155 1005 2563 1061 commu
2615 1007 3056 1062 punexronu

1429 1153 1788 1229 essentiali
1856 1157 2194 1246 separata
2266 1171 2311 1226 a
2378 1169 2714 1246 corpore,
2782 1160 3007 1247 prout
3076 1151 3325 1230 notavi
3392 1155 3664 1230 clarius
3696 1154 3773 1250 (¹)

1427 1275 1666 1372 primo
1721 1273 2040 1369 capitulo
2101 1272 2391 1347 Inferni.
2460 1273 2631 1347 Ideo
2692 1273 2883 1348 bene
2944 1293 3025 1348 se
3092 1275 3495 1372 declarans,
3553 1277 3775 1352 dicit:

1426 1399 1602 1470 dove
1649 1398 1694 1468 Γ
1717 1413 1978 1466 temno
2025 1395 2272 1486 spirito
2320 1395 2384 1466 si
2425 1413 2690 1485 purya,
2742 1391 2841 1467 ab
2897 1394 3097 1468 omni
3147 1395 3367 1470 sorde
3426 1397 3773 1472 vitiorum

1423 1535 1592 1590 cum
1647 1535 1863 1610 poena
1913 1512 2197 1607 debita3
2248 1513 2446 1588 unde
2492 1511 2701 1587 dicit:
2736 1533 2775 1584 e
2810 1516 2891 1587 di
2936 1517 3152 1588 salin
3198 1519 3279 1588 al
3320 1519 3453 1590 ciel
3492 1517 3773 1592 diventa

1421 1639 1691 1728 deam,-
1741 1634 1915 1730 quia
1965 1633 2182 1707 nimis
2230 1633 2521 1706 videtur
2570 1614 2977 1730 indignum,
3017 1642 3093 1709 et
3140 1642 3399 1710 contra
3448 1637 3769 1714 divinam

1409 1754 1797 1852 justitiam,
1847 1754 2048 1849 quod
2096 1752 2343 1828 anima
2391 1753 2669 1848 polluta
2720 1755 2885 1828 labe
2934 1755 3329 1851 malorum,
3372 1755 3662 1853 impura
3694 1765 3771 1834 et

1421 1875 1667 1974 gravis
1716 1873 2059 1949 ascendat
2108 1873 2203 1947 ad
2252 1873 2526 1947 coelum
2580 1873 3053 1968 purissimum
3108 1876 3307 1970 quod
3366 1883 3605 1952 totum
3648 1885 3770 1953 est

1421 2000 1551 2072 lux
1603 2005 1678 2072 et
1726 2017 1958 2072 amor.
2013 1995 2100 2068 Et
2149 1993 2268 2068 hic
2319 1999 2516 2087 nota,
2568 1995 2822 2089 lector,
2874 1997 3071 2090 quod
3136 1997 3273 2072 ista
3338 1997 3475 2072 tria
3538 2019 3767 2094 reg-na

1421 2118 1814 2216 persuadet
1865 2115 2146 2212 Justitia
2214 2135 2393 2190 vera
2458 2115 2679 2190 etiam
2748 2116 2944 2212 apud
3018 2117 3347 2213 gentiles.
3420 2115 3626 2192 Unde
3664 2123 3773 2190 nt·

1420 2239 1753 2314 omittam
1809 2235 2219 2312 testimonia
2272 2235 2517 2308 Sacrae
2566 2235 2962 2330 Scripturae
3010 2243 3087 2310 et
3138 2235 3463 2312 fidelium
3513 2235 3767 2311 docto-

1421 2381 1617 2454 rum,
1667 2359 1758 2433 de
1819 2357 2101 2432 inferno
2151 2357 2561 2450 loquuntur
2616 2355 2863 2451 magni
2913 2355 3313 2452 philosophi
3374 2364 3449 2432 et
3497 2368 3765 2453 poetam

1421 2482 1616 2556 unde
1668 2479 2086 2554 Aristoteles
2149 2477 2222 2550 in
2283 2497 2417 2551 sua
2476 2476 2755 2571 poetria
2824 2477 3041 2551 dicit:
3088 2482 3184 2551 -in
3248 2482 3527 2574 inferno
3586 2483 3767 2552 em'm

1418 2611 1520 2678 est
1589 2603 1916 2675 continua
1988 2600 2265 2670 tristitia
2332 2603 2401 2670 et
2466 2617 2735 2669 moeror
2798 2599 3335 2672 inconsolabilis.
3407 2601 3766 2695 Purgato-

1419 2725 1615 2798 rium
1667 2725 2072 2816 posuerunt
2119 2718 2572 2814 Pythagoras
2622 2723 2697 2791 et
2745 2719 2973 2812 Plato,
3026 2719 3193 2794 licet
3244 2737 3389 2795 non
3439 2719 3579 2794 sub
3626 2739 3763 2794 no-

1413 2844 1616 2918 mine
1673 2837 2102 2936 purgatorii,
2154 2837 2283 2931 qui
2334 2838 2592 2911 volunt
2640 2838 2839 2931 quod
2900 2838 3146 2913 anima
3192 2841 3401 2934 pravi
3448 2839 3761 2914 bominis

1414 2963 1782 3037 interdum
1837 2961 2058 3033 intret
2115 2979 2385 3053 corpus
2444 2957 2665 3052 caniS,
2730 2958 2935 3052 asini,
2995 2960 3349 3054 serpentis
3406 2961 3523 3035 vel
3582 2960 3757 3055 ursi,

1419 3090 1502 3157 ut
1548 3081 1642 3157 ad
1693 3088 1986 3176 tempus
2039 3085 2346 3175 purgata
2400 3077 2624 3174 possit
2676 3079 2917 3153 redire
2968 3080 3061 3154 ad
3109 3087 3328 3154 astra.
3382 3081 3488 3154 De
3544 3101 3760 3175 para-

1417 3203 1574 3278 diso
1623 3203 1844 3276 etiam
1895 3209 2283 3275 senserunt
2332 3199 2683 3294 praedicti3
2739 3200 2935 3275 unde
2993 3203 3199 3278 Plato
3250 3203 3373 3296 qui
3427 3201 3759 3296 sequitur

1414 3323 1934 3419 Pythagoram,
1971 3327 2045 3394 et
2079 3319 2358 3392 Tullius
2394 3319 2521 3413 qui
2555 3319 2888 3414 sequitur
2922 3320 3325 3415 Platonem,
3346 3321 3761 3396 ostendunt

1419 3450 1735 3537 uterque
1785 3442 1858 3515 in
1910 3440 2060 3515 suis
2109 3439 2312 3513 libris
2354 3438 2447 3515 de
2490 3440 2864 3535 republica
2894 3442 3199 3537 praemia
3240 3442 3595 3518 destinata
3632 3444 3761 3537 ju—

1417 3563 1544 3636 stis
1593 3560 1666 3635 in
1717 3561 1928 3654 coelo‚
1981 3560 2254 3634 scilicet
2316 3560 2942 3635 immortalitatem
3010 3567 3083 3636 et
3150 3563 3375 3637 vitam
3440 3564 3755 3638 beatam.

1415 3682 1620 3757 Unde
1667 3682 1944 3755 Tullius
1994 3681 2068 3753 in
2120 3680 2374 3753 ultima
2414 3687 2619 3775 parte
2670 3682 2853 3755 sexti
2886 3682 2981 3756 de
3024 3682 3397 3777 republica
3448 3678 3759 3756 ostendit

1415 3802 1717 3899 praemia
1767 3807 2020 3897 parata
2069 3798 2479 3874 cultoribus
2518 3800 2819 3895 justitia-3
2870 3802 2943 3875 in
2992 3801 3205 3895 coelO,
3242 3808 3317 3875 et
3366 3800 3757 3897 persuadet

1413 3942 1749 3998 amorem
1790 3920 2090 4016 justitiae
2139 3920 2470 4014 Scipioni.
2542 3920 2631 3992 Et
2706 3920 2869 4014 quis
2944 3940 3142 3995 sanae
3217 3921 3481 3995 mentis
3544 3938 3755 3994 com·-

1412 4064 1543 4139 pos
1585 4042 1775 4116 dicat
1835 4040 2202 4115 Neronem
2256 4045 2331 4113 et
2379 4039 2787 4134 Scipionem
2842 4040 2999 4135 pari
3048 4042 3353 4135 proemio
3406 4060 3754 4115 remune-

1407 4162 1617 4238 rari?
1661 4164 1778 4237 vel
1813 4161 2270 4236 Messalinam
2308 4170 2383 4237 et
2414 4160 2829 4233 Lucretiam
2882 4160 3039 4255 pari
3074 4161 3425 4256 supplicio
3454 4161 3697 4256 puniri
3724 4165 3757 4233 Τ

1401 4285 1616 4359 'Unde
1671 4283 2126 4378 Pythagoras
2178 4280 2250 4353 in
2312 4280 2463 4353 suis
2513 4280 2761 4353 aureis
2818 4281 3175 4377 versibuS,
3240 4289 3326 4356 ut
3393 4280 3749 4357 calcidius

1413 4404 1661 4499 refert,
1713 4403 1927 4477 dicit:
1987 4406 2301 4493 Corpore
2348 4404 2656 4497 deposito
2704 4422 2858 4475 cum
2908 4400 3079 4475 tiber
3128 4406 3229 4477 ad
3275 4406 3537 4477 athera
3577 4422 3753 4497 per-

1409 4545 1532 4616 9es
1581 4524 1856 4597 Evades
1903 4524 2248 4595 hominem
2290 4524 2519 4615 sacms
2576 4522 2744 4593 deus
2802 4525 3073 4612 aetlteris
3134 4527 3277 4597 alti.
3305 4562 3407 4577 —
3429 4530 3555 4598 Μα
3612 4526 3748 4615 qui.

1409 4646 1622 4718 Nunc
1673 4650 1886 4739 poeta
1935 4640 2104 4716 facit
2132 4633 2205 4734 (²)
2262 4660 2475 4714 suam
2512 4640 3088 4736 invocationem3
3126 4651 3201 4717 et
3240 4644 3412 4737 quia
3454 4644 3753 4719 invoca-

1409 4770 1619 4839 verat
1670 4762 1987 4859 poeticas
2047 4763 2290 4835 Musas
2340 4759 2663 4836 secundo
2710 4762 3031 4856 capitulo
3082 4761 3349 4835 Inferni
3402 4762 3477 4835 in
3525 4780 3754 4858 gene-

1406 4884 1568 4978 rali,
1623 4902 1820 4956 nunc
1869 4881 2156 4955 invocat
2206 4898 2332 4956 eas
2382 4880 2458 4955 in
2509 4881 2857 4977 generali,
2910 4889 2985 4956 et
3048 4902 3274 4955 unam
3326 4882 3403 4955 in
3434 4882 3746 4977 speciali.

1533 5142 1592 5207 (¹)
1624 5140 1685 5192 E.
1718 5140 1910 5192 clarius
1939 5154 2096 5206 snpra
2127 5142 2317 5206 primo.
2690 5139 2747 5205 (²)
2782 5146 2890 5204 1¹⁸7,
2922 5142 3047 5193 taen
3076 5151 3250 5191 mm,
