4392 6850
1476 951 1618 1021 364
2195 960 2605 1015 couEN‘ruu
2654 958 3095 1014 runos-roan

1473 1110 1594 1182 che
1635 1128 1766 1201 per
1833 1109 1877 1179 Γ
1903 1106 2158 1179 orribil
2208 1113 2515 1198 costum,
2568 1104 2775 1198 idest,
2826 1103 3092 1179 duram
3154 1111 3491 1177 suturam
3560 1102 3813 1177 oeulo—

1475 1250 1648 1301 rum
1715 1226 1978 1301 factam
2045 1246 2225 1300 cum
2276 1225 2397 1300 filo
2450 1226 2649 1321 ferri,
2696 1228 3102 1318 pianyevan
3148 1216 3209 1297 εὶ
3256 1226 3377 1297 cloe
3433 1225 3812 1315 baynavan

1472 1349 1536 1421 le
1580 1353 1764 1438 ante,
1807 1346 1982 1439 quia
2025 1345 2501 1439 deplorabant
2550 1346 2833 1419 cultum
2876 1344 3183 1419 invidiae.
3214 1382 3313 1399 -
3354 1347 3651 1418 Volsinii.
3690 1343 3813 1419 Hic

1477 1475 1692 1563 poeta
1740 1466 1940 1563 ponit
1987 1487 2203 1541 suam
2256 1466 2667 1541 orationem
2728 1466 3030 1541 brevem
3082 1466 3173 1539 ad
3226 1466 3453 1540 dictas
3514 1464 3813 1539 umbras

1477 1588 1552 1661 in
1600 1587 1948 1684 generali,
2002 1594 2076 1661 et
2128 1586 2297 1661 facit
2346 1586 2737 1661 exordium
2788 1606 2961 1660 cum
3015 1585 3385 1681 petitione,
3440 1585 3719 1661 dicens:
3754 1594 3815 1657 et

1474 1710 1907 1793 mcominda’
1930 1710 2028 1798 io,
2069 1708 2325 1801 supple
2374 1706 2619 1781 dicere
2669 1706 2805 1779 illis
2854 1706 2948 1781 ad
2998 1706 3429 1801 captandam
3484 1706 3807 1780 benevo-

1478 1828 1815 1902 lentiam:
1868 1848 1912 1899 ο
1959 1834 2158 1917 yeme
2204 1829 2465 1919 sic-ura,
2502 1846 2635 1921 per
2683 1834 3233 1922 certamspem,
3266 1830 3343 1901 di
3378 1830 3585 1901 veder
3618 1828 3812 1901 talto

1478 1951 1684 2037 lame,
1733 1948 2004 2021 summi
2055 1948 2223 2021 solis
2274 1948 2471 2041 quod
2522 1966 2721 2022 nunc
2774 1947 3023 2022 videre
3074 1968 3217 2021 non
3270 1949 3587 2043 potestis,
3624 1948 3744 2021 che
3766 1950 3815 2021 Ἰ

1477 2070 1656 2141 disto
1705 2076 1943 2141 vostro
1991 2072 2142 2141 solo
2191 2070 2286 2140 ka
2332 2071 2407 2141 in
2454 2088 2588 2141 sua
2626 2088 2827 2157 cura,
2879 2068 3052 2161 quia
3088 2073 3325 2141 totum
3369 2068 3809 2143 desiderium

1479 2195 1812 2262 vestrum
1863 2189 2327 2262 solummodo
2376 2188 2468 2263 de
2506 2190 2647 2263 hoc
2681 2196 2915 2282 curat,
2954 2208 3089 2262 nec
3128 2189 3349 2264 aliam
3384 2208 3647 2265 curam
3687 2191 3814 2264 ha·

1477 2309 1656 2385 bere
1705 2310 2000 2404 potestis
2052 2329 2277 2402 quam
2334 2310 2544 2383 istam
2597 2310 2879 2385 solam:
2929 2332 3003 2382 se
3048 2314 3337 2401 ,qr-azia,
3382 2310 3677 2405 scilicet,
3712 2308 3817 2383 di-

1480 2428 1648 2503 vina
1707 2449 1798 2503 ex
1862 2429 2098 2524 gratia
2162 2428 2477 2525 speciali,
2542 2436 2715 2503 tosto
2772 2433 3041 2503 ra'solva
3103 2433 3165 2503 le
3226 2433 3551 2521 schiume,
3612 2430 3813 2523 idest,

1479 2556 1746 2645 purget
1803 2549 2159 2645 contagia,
2229 2552 2305 2623 di
2378 2558 2617 2623 vostra
2666 2554 3101 2641 condizione,
3166 2558 3250 2625 ut
3303 2550 3595 2645 scilicet,
3644 2570 3815 2646 ape-

1481 2670 1620 2742 riat
1673 2667 1874 2742 vobis
1915 2669 2167 2743 oculos
2202 2670 2513 2763 olauSOS,
2546 2662 2607 2742 si
2655 2672 2775 2743 che
2798 2674 2849 2743 'l
2871 2673 3081 2763 fiume
3112 2674 3297 2745 della
3334 2679 3576 2765 mente,
3612 2670 3813 2765 idest,

1481 2788 1720 2886 gratia
1777 2788 2040 2863 divinae
2103 2789 2387 2885 mentiS‚
2460 2792 2718 2863 scenda
2776 2793 3046 2883 chiara,
3110 2790 3279 2865 -sine
3342 2791 3633 2883 nebula,
3688 2812 3816 2883 per

1483 2932 1666 3001 essa,
1719 2909 2010 3004 scilicet,
2045 2910 2531 2985 conditionem
2584 2919 2903 2986 vestram
2948 2912 3310 3005 caeoitatiS,
3348 2912 3553 3005 quasi
3606 2912 3814 3006 dieat,

1484 3038 1570 3105 ut
1599 3038 1808 3105 actus
1831 3030 2076 3104 veniat
2101 3030 2194 3105 ad
2219 3032 2499 3127 patiens
2532 3030 2982 3126 dispositum.
3017 3032 3103 3103 Et
3127 3031 3231 3105 sio
3257 3032 3421 3106 vide
3446 3032 3815 3127 quomodo

1484 3152 1810 3246 loquitur
1858 3150 2180 3225 breviter
2250 3157 2323 3225 et
2389 3150 2750 3225 subtiliter
2798 3152 3015 3246 juxta
3075 3150 3458 3225 consilium
3522 3151 3815 3249 Virgilii,

1483 3271 1612 3345 sed
1645 3276 2040 3364 antequam
2083 3270 2223 3344 hoc
2274 3270 2419 3364 fiat,
2456 3273 2713 3361 ditemi,
2748 3264 2872 3344 che*
2904 3274 3001 3344 mi
3034 3272 3135 3362 fia
3168 3274 3505 3361 yrazioso
3540 3293 3579 3343 e
3620 3292 3815 3362 caro,

1485 3393 1688 3486 idest,
1742 3392 1914 3487 quia
1966 3391 2104 3468 erit
2155 3390 2331 3466 mihi
2375 3384 2671 3488 gratum
2704 3384 2776 3486 (¹)
2816 3399 2891 3466 et
2924 3412 3210 3486 carum,
3246 3396 3301 3466 ,ς’
3328 3396 3571 3466 anima
3622 3389 3665 3468 e*
3711 3396 3823 3486 qm·

1487 3521 1606 3588 tra
1654 3519 1794 3606 voi,
1857 3513 1934 3587 in
1983 3519 2180 3589 secta
2232 3513 2672 3607 invidorum,
2708 3515 2827 3586 che
2866 3517 2979 3587 sia
3027 3516 3274 3605 latina,
3316 3513 3500 3589 idest
3532 3513 3816 3589 italica:

1485 3634 1581 3709 de
1629 3634 1738 3708 his
1787 3634 1982 3708 enim
2053 3642 2136 3708 ut
2187 3633 2589 3729 plurimum
2642 3641 2857 3728 poeta
2910 3633 3211 3726 inquirit
3258 3640 3635 3728 tamquam
3691 3653 3819 3709 no-

1488 3754 1862 3828 bilioribus
1905 3762 1981 3830 et
2013 3754 2464 3850 dignioribus
2498 3754 2882 3847 memoria,
2920 3752 3257 3848 quamvis
3292 3753 3818 3848 peccatoribus,

1489 3881 1572 3948 ut
1620 3875 1791 3948 satis
1840 3881 2042 3970 patet
2096 3874 2170 3947 in
2231 3881 2385 3948 toto
2442 3881 2783 3969 poemate
2842 3873 3003 3948 eius
3030 3880 3177 3968 ;·et
3227 3873 3581 3968 promittit
3640 3893 3821 3969 prae-

1487 3994 1722 4068 mium
1774 4001 1858 4067 ut
1908 3994 2184 4069 facilius
2235 4001 2732 4088 consequatur
2784 3993 2981 4089 quod
3016 3994 3211 4088 petit,
3247 3992 3531 4068 dicens:
3566 4015 3607 4066 e
3632 3997 3823 4088 forse

1489 4135 1538 4188 a
1564 4119 1675 4206 lei,
1703 4115 1904 4208 idest,
1934 4115 2054 4190 tali
2083 4115 2372 4210 animas,
2397 4105 2565 4188 serzi
2596 4117 2807 4204 buon,
2833 4115 3017 4188 idest
3052 4113 3227 4188 utile
3260 4121 3335 4188 et
3374 4114 3821 4208 honorabile,

1489 4237 1661 4332 quia
1714 4236 1989 4331 rogabo
2039 4256 2172 4330 pro
2224 4256 2337 4330 ea,
2373 4242 2448 4310 et
2494 4235 2685 4310 dabo
2717 4235 2850 4309 sibi
2886 4235 3182 4328 famam,
3216 4237 3275 4306 ,ς’
3302 4237 3373 4307 io
3423 4237 3497 4307 la
3520 4238 3821 4328 ’mparo,

1489 4356 1692 4449 idest,
1744 4356 1802 4429 si
1853 4356 2074 4430 disco.
2100 4395 2201 4410 -
2234 4361 2315 4430 O.
2358 4356 2491 4430 Hic
2540 4363 2753 4450 poeta
2788 4353 2988 4451 ponit
3022 4354 3571 4450 responsionem
3610 4355 3824 4430 unius

1487 4475 1755 4550 animae
1803 4475 2190 4571 singularis
2242 4475 2505 4550 invidae
2552 4474 2646 4549 ad
2698 4495 2918 4552 suum
2972 4473 3391 4569 quaesitum,
3444 4495 3613 4567 quae
3663 4491 3823 4548 eor-

1491 4594 1656 4689 rigit
1705 4594 1982 4669 dictum
2035 4601 2303 4690 poetae3
2356 4601 2431 4669 et
2480 4595 2638 4668 haec
2688 4594 2936 4668 anima
2985 4600 3146 4668 erat
3179 4592 3517 4687 quaedam
3558 4594 3820 4669 mulier

1486 4715 1807 4790 senensis
1859 4716 2156 4790 nomine
2206 4715 2441 4811 Sapia‚
2496 4735 2665 4810 quae
2714 4715 2923 4789 dicit:
2992 4719 3053 4788 O
3094 4719 3285 4808 frate
3338 4717 3503 4807 mio,
3556 4716 3815 4790 carita-

1487 4835 1632 4910 tive
1683 4844 1898 4911 vocat
1946 4856 2118 4910 eum
2171 4837 2497 4930 fratrem,
2558 4839 2913 4927 cia-senna,
2954 4836 3245 4929 scilicet,
3298 4835 3569 4930 anima,
3620 4831 3666 4909 e*
3706 4841 3819 4910 cit-

1616 5103 1670 5166 (¹)
1701 5103 1754 5156 S.
1787 5103 2088 5168 gratiosum.
