4392 6850
1441 916 1582 983 162
2163 926 2573 982 commu
2624 925 3062 981 PURGATonu

1440 1071 1743 1168 regione
1809 1071 2026 1166 aeris»,
2079 1075 2238 1164 quel
2290 1093 2519 1165 vapor
2574 1073 2840 1162 untias),
2904 1070 3109 1164 idest,
3169 1089 3492 1167 grossus,
3550 1073 3671 1144 che
3705 1073 3779 1143 'n

1442 1214 1672 1286 acqua
1717 1196 1937 1285 stede,
1972 1192 2178 1286 idest,
2214 1192 2634 1285 resolvitur,
2670 1199 2846 1266 tosto
2878 1194 2999 1264 che
3020 1194 3073 1264 ’l
3099 1193 3273 1283 sale,
3310 1191 3517 1285 idest,
3556 1207 3780 1284 quam

1437 1313 1582 1388 cito
1631 1313 1977 1408 ascendit,
2028 1316 2207 1388 dove
2248 1315 2508 1408 sreddo
2570 1317 2627 1387 il
2680 1315 2928 1405 coqh'e,
2976 1311 3185 1406 idest,
3234 1312 3329 1387 ad
3386 1312 3784 1388 secundam

1441 1432 1820 1531 regionem
1871 1435 2066 1509 aeris
2117 1433 2496 1531 frigidam3
2550 1433 2651 1508 ita
2700 1453 2901 1507 nunc
2961 1431 3285 1530 Angelus
3346 1434 3589 1507 malus
3652 1454 3787 1508 sua

1441 1564 1605 1630 arte
1654 1554 1823 1630 fecit
1873 1576 2098 1630 unam
2151 1555 2477 1650 pluviam
2540 1553 3067 1649 innaturalem3
3114 1553 3319 1628 -unde
3378 1553 3586 1629 dicit:
3640 1557 3795 1648 quel

1445 1679 1596 1749 mal
1642 1680 1859 1766 valer,
1899 1675 2191 1770 scilicet,
2244 1675 2635 1773 praedictus
2682 1673 2999 1769 daemon,
3032 1677 3153 1748 01oe
3178 1695 3321 1768 pur
3369 1679 3519 1748 mal
3562 1677 3791 1748 chiede

1445 1817 1580 1868 con
1630 1798 1674 1870 Γ
1697 1797 2042 1888 intellecto,
2093 1795 2299 1891 idest,
2352 1796 2480 1890 qui
2532 1815 2825 1890 semper
2876 1794 3140 1888 quaerit
3198 1793 3443 1870 facere
3504 1795 3786 1868 malum

1446 1935 1625 1990 cum
1673 1915 2041 1991 intellectu
2097 1937 2236 1990 suo
2286 1915 2553 2013 sagaci,
2596 1914 2769 2010 quia
2822 1913 2920 1992 ita
2972 1924 3083 1992 est
3130 1913 3557 2009 obstinatus,
3593 1915 3791 2010 quod

1447 2057 1830 2130 nunquam
1883 2043 2122 2132 potest
2171 2037 2363 2111 velle
2402 2035 2537 2110 nisi
2572 2035 2877 2129 malum,
2912 2034 3101 2110 sicut
3141 2034 3381 2110 bonus
3408 2027 3506 2130 (¹),
3548 2041 3659 2110 est
3692 2037 3791 2109 ita

1447 2154 1950 2251 confirmatuS,
2001 2155 2197 2250 quod
2250 2175 2633 2251 nunquam
2663 2146 2737 2248 (²)
2790 2161 3028 2252 potest
3061 2156 3251 2230 velle
3296 2154 3431 2229 nisi
3480 2155 3785 2248 bonum,

1445 2281 1691 2370 aium-e
1745 2299 1782 2350 e
1843 2298 2070 2350 mosse
2127 2279 2184 2351 il
2230 2281 2455 2371 sumo,
2520 2277 2727 2370 idest,
2786 2275 3177 2351 concitavit
3236 2275 3605 2370 nebulam,
3667 2296 3708 2349 e
3744 2279 3795 2348 'l

1449 2406 1647 2472 vento
1663 2423 1693 2492 ,·
1745 2405 1822 2472 et
1871 2416 2044 2472 ecce
2092 2397 2467 2490 quomodo
2517 2397 2753 2491 potuit
2801 2397 2942 2472 hoc
2980 2397 3253 2488 facere,
3288 2418 3425 2490 per
3474 2399 3551 2469 la
3600 2390 3797 2470 vet-‘lli

1447 2520 1568 2592 che
1621 2537 1754 2590 sua
1813 2523 2076 2590 natura
2133 2519 2357 2608 ὀίεαι»,
2434 2516 2609 2611 quia
2658 2516 2827 2590 licet
2889 2499 3209 2614 Angelus
3276 2517 3515 2592 malus
3577 2516 3798 2592 fuerit

1449 2637 1778 2735 privatus
1843 2637 2082 2733 gratia
2147 2636 2447 2712 retinuit
2512 2641 2759 2712 tamen
2816 2637 3189 2712 scientiam
3254 2645 3331 2712 et
3395 2637 3793 2733 potentiam

1453 2758 1893 2851 naturalem,
1947 2756 2045 2831 ita
2115 2757 2313 2851 quod
2382 2765 2619 2853 potest
2678 2756 2983 2832 faciliter
3038 2777 3345 2832 movere
3408 2778 3663 2832 aerem
3722 2765 3796 2832 et

1450 2899 1750 2974 aquam,
1792 2883 1866 2953 et
1920 2876 2225 2952 turbare
2258 2878 2401 2952 alia
2434 2878 2823 2954 elementa.
2857 2878 2947 2952 Et
2980 2879 3095 2952 hic
3128 2886 3300 2953 nota
3342 2877 3540 2972 quod
3580 2884 3796 2973 poeta

1451 3007 1705 3074 noster
1766 2999 1934 3073 data
1993 3018 2221 3093 opera
2282 2998 2449 3072 fecit
2518 2998 2635 3072 hic
2700 2997 2907 3073 istam
2977 2997 3340 3074 fictionem
3402 2998 3495 3072 de
3555 2997 3797 3093 pluvia

1453 3139 1678 3211 quam
1732 3117 2076 3193 excitavit
2133 3117 2449 3212 daemon,
2502 3126 2587 3192 ut
2646 3124 2937 3193 notaret
2996 3118 3269 3213 aliquid
3328 3118 3421 3194 de
3478 3117 3796 3214 potentia

1452 3237 1828 3332 daemonis,
1879 3237 1972 3312 de
2020 3259 2170 3333 qua
2222 3238 2673 3334 Augustinus
2724 3239 2957 3313 multa
3018 3237 3286 3333 scribit,
3338 3247 3415 3316 et
3461 3237 3799 3312 Albertus

1455 3379 1770 3455 magnus
1819 3359 1894 3433 in
1941 3380 2079 3434 suo
2129 3359 2373 3435 libello
2422 3359 2517 3435 de
2563 3358 2885 3456 potentia
2920 3358 3292 3436 daemonis.
3322 3399 3423 3414 --
3446 3361 3629 3435 Indi.
3670 3359 3798 3435 Hic

1453 3481 1928 3575 prosequitur
1977 3482 2363 3557 materiam
2412 3481 2827 3556 inchoatam
2880 3479 2973 3555 de
3022 3481 3295 3578 pluvia,
3330 3488 3403 3557 et
3438 3482 3597 3557 vult
3629 3481 3799 3557 bre-

1453 3598 1644 3674 viter
1694 3600 1938 3676 dicere
2001 3602 2198 3697 quod
2264 3602 2555 3677 daemon
2620 3601 2787 3676 fecit
2856 3622 3201 3697 magnam
3268 3600 3643 3696 nebulam,
3706 3622 3797 3677 ex

1457 3740 1607 3814 qua
1659 3741 1927 3817 magna
1981 3722 2224 3817 pluvia
2280 3728 2451 3817 nata
2500 3728 2652 3815 est3
2695 3720 2791 3795 ita
2838 3721 3037 3815 quod
3086 3741 3283 3816 aqua
3336 3740 3606 3817 magno
3656 3721 3800 3795 im-

1459 3846 1634 3935 petu
1683 3840 1996 3916 detrusit
2043 3862 2313 3937 corpus
2362 3842 2750 3916 Boncontis
2800 3841 2877 3915 in
2925 3839 3231 3934 Arnum,
3270 3840 3395 3915 ubi
3430 3841 3795 3935 sepultum

1458 3958 1594 4033 fuit
1643 3960 1782 4035 sub
1831 3962 2106 4058 glarea.
2157 3962 2521 4037 Construe
2552 3961 2655 4035 sic
2688 3960 3005 4057 literam,
3046 3980 3215 4056 quae
3256 3960 3549 4036 videtur
3586 3960 3800 4035 valde

1459 4080 1836 4157 intricata:
1889 4086 2075 4173 Indi,
2128 4082 2334 4177 idest,
2386 4082 2647 4157 deinde
2696 4082 2815 4157 ille
2848 4082 3161 4176 daemon,
3196 4102 3479 4174 coperse
3508 4084 3585 4155 la
3624 4084 3801 4155 valle

1461 4204 1538 4277 di
1585 4202 1830 4276 nebbia
1879 4206 1958 4276 al
2000 4224 2191 4295 yran
2224 4206 2463 4297 oioyo,
2498 4203 2703 4299 idest,
2738 4224 2979 4298 usque
3010 4202 3105 4277 ad
3136 4203 3596 4298 Apenninum
3627 4228 3648 4299 3
3684 4204 3801 4277 vel

1461 4322 1870 4397 secundum
1919 4323 2138 4398 aliam
2193 4324 2521 4398 literam:
2570 4326 2645 4396 la
2694 4326 2875 4397 valle
2922 4344 3206 4417 coperse
3252 4326 3311 4399 il
3350 4345 3543 4415 9ran
3588 4328 3803 4416 9i090

1461 4448 1536 4518 di
1582 4443 1854 4537 nebbia,
1905 4444 2006 4519 ita
2057 4445 2257 4539 quod
2308 4445 2575 4519 nebula
2622 4444 2917 4540 incoepit
2976 4465 3025 4520 a
3086 4444 3279 4520 valle
3336 4453 3411 4520 et
3473 4444 3805 4541 pervenit

1461 4562 1556 4637 ad
1606 4570 1956 4639 montem.
2008 4564 2215 4640 Unde
2266 4572 2439 4639 nota
2486 4564 2603 4639 hic
2646 4564 2845 4659 quod
2878 4564 3176 4658 quando
3210 4564 3478 4639 nebula
3512 4584 3559 4638 a
3592 4586 3807 4639 mon-

1462 4682 1656 4757 tibus
1704 4683 2074 4760 descendit
2121 4684 2196 4757 in
2249 4685 2473 4759 valles
2522 4683 2789 4759 indicat
2838 4684 3359 4779 serenitatem3
3400 4688 3475 4759 et
3532 4703 3577 4757 e
3626 4704 3808 4759 con-

1462 4822 1680 4877 verso
1746 4800 2101 4900 significat
2162 4804 2513 4909 pluviam,
2572 4804 2762 4879 sicut
2819 4804 2972 4900 hic3
3024 4803 3225 4898 quod
3293 4804 3401 4877 his
3470 4804 3807 4880 versibus

1593 5068 1646 5131 (¹)
1683 5074 1790 5133 117,
1825 5070 1990 5124 bonus
2019 5071 2271 5137 Angelus.
2770 5071 2827 5135 (Ἴ
2860 5076 2968 5133 117,
3000 5084 3268 5137 nunquam
3298 5069 3457 5123 vellet
3488 5068 3604 5121 niul.
