4392 6850
1212 997 1490 1053 cAN'rus
1543 996 1854 1052 mactmus
1903 996 2229 1054 munus,
2754 983 2910 1054 35¹1.

552 1141 745 1218 unde
792 1141 998 1216 dicit:
1046 1144 1103 1214 il
1142 1147 1378 1233 poeta,
1413 1140 1708 1236 scilicet,
1761 1161 2097 1238 magnuS,
2132 1144 2564 1234 ναρίοηαυα,
2601 1159 2899 1216 mecum

548 1264 663 1338 vel
713 1282 1019 1355 secum3
1069 1263 1140 1333 io
1192 1268 1369 1335 temo
1418 1262 1538 1334 che
1585 1268 1834 1335 nostra
1884 1265 2108 1352 electa,
2160 1262 2367 1356 idest,
2413 1261 2672 1337 electio
2736 1260 2896 1353 vize,

546 1372 729 1456 avrd
775 1387 972 1477 forse
1004 1389 1256 1475 troppo
1290 1384 1359 1455 α’
1384 1383 1698 1473 indumb,
1743 1389 1818 1458 et
1852 1382 1956 1458 sic
1993 1382 2297 1457 timebat
2345 1382 2656 1477 perdere
2709 1387 2901 1456 tem·

547 1525 685 1599 pus
759 1502 1146 1595 inutiliter,
1223 1523 1374 1596 quo
1451 1502 1624 1576 nihil
1701 1509 1862 1578 erat
1939 1501 2314 1577 molestius
2389 1502 2557 1595 sibi,
2634 1524 2710 1575 se
2781 1506 2902 1594 qui

549 1628 606 1698 ,ς’
631 1631 923 1717 aspecta,
974 1623 1243 1699 scilicet
1306 1644 1351 1697 a
1424 1623 1652 1716 nobiS,
1703 1632 1900 1715 yeme
1953 1645 2089 1716 per
2153 1607 2568 1715 diffundar,
2637 1623 2729 1697 de
2788 1623 2903 1697 iti-

552 1766 751 1821 nere.
805 1745 893 1820 Et
939 1744 1058 1819 hic
1110 1751 1280 1818 nota
1332 1743 1530 1838 quod
1580 1751 1795 1839 poeta
1847 1765 1981 1839 pro
2034 1750 2236 1818 tanto
2289 1745 2427 1818 hoc
2476 1743 2671 1837 dicit,
2725 1744 2898 1837 quia

553 1864 773 1939 invidi
823 1864 950 1958 qui
1001 1862 1407 1960 puniuntur
1458 1862 1532 1935 in
1584 1863 1721 1938 isto
1770 1863 2048 1937 circulo
2101 1868 2315 1936 erant
2354 1863 2669 1937 multum
2707 1862 2908 1936 intra¹

553 1984 750 2059 viam
813 1985 1031 2079 longe
1090 1983 1186 2057 ab
1248 1982 1386 2057 isto
1447 1982 1647 2056 initio
1698 1990 1774 2057 et
1822 1982 2124 2057 introitu
2184 2002 2315 2076 per
2377 1981 2711 2076 milliare,
2764 2001 2902 2056 nec

553 2105 756 2180 ibant
819 2104 1165 2179 velociter
1229 2105 1344 2178 vel
1413 2105 1632 2197 lente,
1698 2104 1888 2178 sicut
1946 2103 2241 2199 superbi
2306 2102 2434 2198 qui
2498 2103 2903 2179 docuerant

557 2245 686 2299 eos
720 2224 1034 2321 primam
1069 2222 1290 2317 viam,
1327 2230 1401 2298 et
1435 2223 1801 2298 habebant
1834 2224 2087 2298 oculos
2125 2224 2433 2298 clausos.
2464 2264 2563 2278 —-
2587 2226 2738 2297 Poi.
2776 2222 2908 2297 Hic

560 2352 770 2441 poeta
820 2344 1130 2420 ostendit
1181 2343 1555 2438 quomodo
1607 2343 1947 2439 Virgilius
2009 2364 2153 2417 non
2222 2345 2471 2419 valens
2534 2344 2631 2419 ibi
2694 2364 2948 2440 repe-·

561 2465 709 2540 rire
758 2464 1138 2539 consilium
1193 2464 1601 2538 humanum
1658 2464 1973 2538 recurrit
2021 2464 2114 2538 ad
2153 2464 2510 2539 auxilium
2546 2465 2905 2558 divinum,

564 2605 711 2679 quo
744 2583 1190 2680 dirigeretur
1223 2583 1298 2656 in
1332 2582 1527 2658 viam
1567 2590 1846 2658 rectam
1898 2583 1990 2658 ad
2043 2583 2616 2681 investigandam
2657 2586 2910 2659 occul-

495 2785 497 2787 ,
567 2712 712 2779 tam
787 2704 1171 2779 materiam
1235 2702 1692 2797 invidorum3
1746 2703 2205 2778 undedicit:
2259 2710 2332 2779 et
2390 2704 2510 2780 ille
2569 2704 2910 2801 Virgilius

562 2828 684 2918 poi
725 2845 942 2917 porse
996 2826 1099 2916 912?
1163 2826 1380 2915 occlti,
1431 2823 1723 2917 scilicet,
1785 2823 2330 2919 intellectualeS,
2385 2828 2779 2918 fissamente
2836 2830 2915 2900 al

566 2947 735 3035 sole,
788 2951 872 3017 ut
921 2949 1216 3018 oraret:
1281 2949 1357 3019 et
1418 2944 1736 3040 intellige
1798 2944 1890 3018 ad
1959 2944 2187 3020 solem
2239 2945 2539 3041 justitiae
2607 2944 2732 3039 qui
2797 2952 2909 3021 est

570 3066 812 3158 Deus;
866 3069 942 3139 et
990 3084 1162 3139 ecce
1213 3064 1585 3158 quomodo
1639 3064 1862 3138 volvit
1893 3085 2007 3140 se:
2039 3070 2187 3160 fece
2225 3074 2462 3139 centro
2512 3068 2629 3139 del
2672 3069 2910 3140 destro

572 3187 821 3291 lato-al
842 3205 1122 3277 mover;
1157 3186 1317 3259 vult
1355 3183 1624 3278 dicere,
1665 3184 1862 3278 quod
1899 3186 2022 3259 ubi
2065 3186 2304 3282 primo
2343 3186 2491 3261 ibat
2529 3187 2623 3261 ad
2657 3185 2912 3262 dexte-

571 3326 733 3379 ram
786 3304 1052 3379 montis
1104 3305 1413 3379 revolvit
1462 3324 1543 3380 se
1593 3305 2048 3381 circulariter
2113 3326 2336 3402 super
2406 3306 2590 3400 pede
2650 3306 2914 3381 dextro

571 3426 662 3500 ad
713 3426 1078 3500 sinistram
1133 3446 1392 3501 versus
1443 3426 1846 3519 orientem3
1909 3426 2105 3501 unde
2152 3426 2364 3501 dicit:
2416 3448 2455 3499 e
2504 3430 2576 3500 la
2625 3429 2915 3501 sinistra

563 3554 774 3638 parce
835 3549 910 3620 di
968 3540 1049 3621 se*
1117 3554 1328 3637 torse,
1402 3546 1598 3622 circa
1668 3545 1843 3621 illud
1904 3552 2245 3621 centrum
2325 3547 2676 3642 dexterae,
2746 3548 2915 3643 quia

573 3665 862 3760 scilicet,
915 3686 1089 3741 cum
1141 3666 1432 3740 sinistro
1481 3667 1691 3761 pede,
1745 3665 2103 3740 volvendo
2153 3686 2259 3760 se,
2310 3666 2475 3741 fecit
2525 3667 2919 3745 circumfe-

575 3785 886 3861 rentiam
936 3786 1128 3860 dicto
1178 3792 1456 3861 centro.
1510 3786 1597 3858 Et
1646 3786 1806 3874 vult
1854 3785 2102 3860 dicere
2152 3786 2512 3861 subtiliter
2564 3787 2758 3881 quod
2810 3787 2920 3861 di-

577 3905 766 3981 rexit
803 3926 933 3981 cor
974 3927 1220 4000 suum,
1249 3906 1447 4001 quod
1482 3911 1624 3980 stat
1659 3904 1731 3980 in
1767 3905 2079 3999 sinistra,
2116 3927 2376 3980 versus
2412 3907 2670 4001 solem,
2712 3908 2918 4001 idest,

576 4025 837 4119 Deum,
878 4025 970 4101 ad
1007 4026 1539 4121 implorandam
1581 4025 1918 4122 gratiam.
1956 4026 2045 4099 Et
2078 4026 2194 4099 hic
2237 4032 2431 4121 nota,
2468 4027 2662 4120 quod
2708 4034 2917 4122 poeta

581 4155 826 4222 noster
879 4167 1038 4222 non·
1076 4153 1365 4242 poterat
1412 4148 1689 4223 intrare
1742 4147 1952 4221 istam
2007 4147 2201 4221 viam
2238 4167 2411 4222 cum
2446 4147 2720 4222 auxilio
2756 4147 2922 4220 Vir-

579 4266 748 4365 gilii,
800 4267 984 4343 idest
1034 4268 1357 4361 rationis,
1421 4267 1547 4343 sed
1598 4267 1873 4341 auxilio
1933 4267 2191 4364 gratiae
2243 4269 2723 4363 cooperantis,
2766 4267 2921 4344 sine

581 4410 728 4483 qua
780 4409 926 4463 non
979 4389 1328 4484 potuisset
1380 4396 1698 4464 tractare
1744 4388 1837 4462 de
1887 4389 2025 4462 isto
2078 4389 2252 4463 vitio
2307 4389 2538 4484 magis
2579 4409 2801 4482 quam
2848 4388 2921 4463 in

581 4509 888 4602 inferno,
942 4509 1066 4583 ubi
1124 4509 1294 4583 nihil
1345 4509 1632 4584 dixerat
1680 4508 1774 4582 de
1813 4528 1929 4602 eo,
1965 4508 2137 4602 quia
2190 4509 2311 4582 ille
2361 4529 2507 4582 non
2559 4514 2669 4582 est
2718 4509 2927 4584 locus

583 4627 860 4726 gratiae,
916 4628 1042 4702 ubi
1091 4629 1315 4724 possit
1362 4628 1617 4703 haberi
1653 4628 1863 4723 plena
1899 4627 2217 4724 cognitio
2251 4633 2325 4701 et
2358 4627 2718 4702 distinctio
2753 4648 2927 4723 pec-

584 4755 946 4842 catorum,
1010 4770 1180 4844 quae
1246 4750 1559 4824 habetur
1626 4748 1700 4825 in
1764 4748 2342 4844 purgatorio.—
2376 4752 2457 4823 0.
2523 4748 2654 4822 Hic
2711 4756 2925 4844 poeta

584 4868 782 4965 ponit
832 4869 1175 4945 devotam
1227 4870 1635 4945 orationem
1698 4869 1972 4965 Virgilii
2039 4869 2130 4943 ad
2198 4870 2455 4962 solem,
2509 4869 2800 4944 dicens:
2857 4878 2932 4946 et

586 4988 704 5064 ille
753 4987 1098 5085 Virgilius
1145 4992 1343 5063 dicea
1368 5015 1392 5063 .·
1452 5013 1497 5063 o
1559 4992 1755 5063 dolce
1802 4993 2007 5080 lume,
2080 4990 2331 5064 lumen
2385 4989 2553 5064 solis
2604 4997 2716 5065 est
2776 4991 2928 5087 ipsa

588 5108 823 5207 gratia
876 5109 1002 5184 Dei
1057 5132 1225 5204 quae
1282 5110 1645 5184 illuminat
1705 5130 2002 5189 omnem
2070 5110 2442 5187 hominem
2511 5111 2926 5188 venientem
