4392 6850
1483 952 1626 1021 452
2175 917 2621 1026 ,sensurum
2668 965 3107 1025 ruffinum
3142 1006 3150 1014 .

1479 1425 1812 1522 ΟᾼΝΤΠὸ
1855 1427 2238 1496 DECIMUS
2286 1427 2725 1510 SEPTIMUS,
2759 1429 2871 1496 ubi
2892 1437 3045 1514 post
3076 1433 3357 1518 aliquam
3385 1437 3685 1506 visionem
3718 1439 3823 1506 de-

1497 1519 1504 1532 ⁶
1537 1534 1558 1616 ,⁸
1634 1541 1904 1608 claravit
1941 1540 2253 1628 Wryilius
2293 1543 2510 1608 modos
2556 1542 2809 1621 amoris,
2865 1548 2925 1608 et
2976 1551 3125 1628 quot
3174 1549 3379 1614 modis
3424 1551 3711 1616 nascitur
3752 1551 3824 1618 in

1499 1647 1528 1738 j
1621 1645 1891 1732 homine,
1939 1673 2014 1720 ac
2058 1653 2250 1718 etiam
2293 1653 2371 1719 de
2412 1672 2527 1718 suo
2573 1655 2891 1720 contrario
2898 1675 2921 1736 ,⁰
2976 1660 3037 1722 et
3084 1663 3234 1740 quot
3282 1659 3488 1726 modis
3537 1662 3823 1728 nascimu-

1499 1748 1507 1789 ²
1630 1767 2036 1844 contr-mum,
2085 1756 2162 1832 σι’
2188 1769 2341 1849 quot
2366 1766 2669 1848 personis
2710 1767 3115 1832 committitur
3157 1769 3391 1837 ονὺηοπ
3434 1769 3565 1838 hoc.

1619 2095 2174 2280 Rmonmm
2220 2191 2443 2282 lector,
2493 2209 2570 2263 se
2619 2191 2783 2262 mai.
2856 2190 3255 2285 Postquam
3319 2191 3393 2270 in
3454 2195 3823 2294 superiori,

1471 2313 1789 2408 capitulo
1847 2311 2184 2406 proxime
2242 2308 2680 2404 praecedenti
2742 2315 2957 2404 poeta
3018 2317 3267 2386 noster
3330 2314 3669 2389 tractavit
3740 2323 3815 2392 et

1469 2431 1982 2512 determinavit
2037 2430 2130 2505 de
2187 2429 2515 2526 generali
2580 2429 3019 2526 purgatione
3080 2431 3233 2524 irae,
3296 2453 3497 2508 nunc
3554 2454 3813 2510 conse-

1469 2559 1784 2649 quenter
1833 2551 1982 2648 agit
2009 2543 2084 2643 (¹)
2137 2557 2213 2629 et
2260 2556 2525 2626 tractat
2572 2549 2665 2626 de
2716 2552 2936 2626 modo
2986 2557 3061 2626 et
3110 2552 3441 2628 remedio
3490 2574 3639 2649 quo
3690 2575 3813 2631 re-

1467 2675 1822 2752 fraenatur
1881 2672 1992 2748 ira
2043 2671 2473 2766 impetuosa,
2530 2676 2605 2746 et
2640 2661 2714 2763 (³)
2769 2669 3177 2767 ingreditur
3242 2678 3635 2748 tractatum
3688 2696 3813 2751 ac-

1467 2795 1707 2888 cidioe,
1774 2813 1943 2889 quae
2017 2791 2321 2887 punitur
2390 2791 2466 2866 in
2534 2798 2801 2886 quarto
2868 2791 3145 2868 circulo
3218 2794 3645 2889 purgatorii.
3722 2797 3809 2870 Et

1463 2934 1786 3012 praesens
1835 2911 2241 3008 capitulum
2292 2910 2615 2998 breviter
2664 2918 2903 3006 potest
2947 2911 3167 2987 dividi
3223 2911 3297 2987 in
3359 2920 3509 2990 tres
3562 2921 3807 3010 partes

1463 3034 1888 3132 generales3
1939 3032 2014 3113 in
2062 3030 2301 3127 prima
2352 3052 2673 3125 quarum
2734 3037 2977 3127 poeta..¹
3012 3031 3223 3108 docet
3286 3031 3597 3108 frasnum
3651 3035 3801 3110 irae.

1465 3157 1574 3230 In·
1597 3153 1915 3232 secunda
1965 3151 2278 3230 ostendit
2319 3150 2635 3246 qualiter
2666 3150 2891 3226 suerit
2932 3151 3327 3227 mundatus
3360 3173 3405 3226 a
3442 3152 3614 3229 vitio
3648 3153 3799 3247 irae,

1463 3283 1540 3356 et
1583 3276 1906 3356 directus
1955 3273 2048 3348 ad
2100 3279 2451 3367 quartum
2504 3271 2864 3356 circulum
2900 3272 3195 3348 accidiae
3232 3292 3365 3367 per
3399 3295 3631 3352 unum
3668 3295 3803 3348 an-

1460 3398 1714 3494 gelum
1764 3400 2241 3491 apparentem
2302 3392 2457 3488 sibi,
2518 3392 2655 3469 ibi:
2722 3395 2927 3467 Come
2982 3395 3047 3466 si
3096 3397 3379 3487 [ranae.
3442 3396 3523 3469 ln
3588 3394 3801 3471 tertia

1458 3524 1674 3613 poeta
1728 3521 2174 3594 tractaturus
2232 3514 2327 3592 de
2382 3513 2679 3608 accidia,
2730 3514 3091 3591 subtiliter
3148 3515 3537 3612 investigat
3606 3517 3803 3592 unde

1457 3636 1612 3733 ipsa
1662 3636 1939 3713 accidia
1985 3635 2253 3713 habeat
2300 3640 2575 3727 ortum,
2628 3641 2703 3709 et
2752 3639 3022 3709 caetera
3055 3633 3227 3710 vitia
3268 3634 3625 3731 capitalia,
3660 3635 3791 3711 ibi:

1459 3762 1596 3857 Noi
1644 3776 1958 3834 eravam.
2009 3756 2120 3831 Ad
2169 3754 2485 3851 primam
2537 3754 2837 3831 veniens
2884 3754 3047 3843 dico
3096 3754 3297 3849 quod
3328 3762 3543 3851 poeta
3586 3756 3799 3831 docet

1457 3879 1858 3960 refraenare
1922 3876 2152 3969 iram;
2220 3874 2350 3949 sed
2413 3874 2651 3970 primo
2712 3874 3147 3951 continuans
3213 3874 3407 3953 dicta
3478 3874 3795 3951 dicendis

1453 3999 1850 4094 praemittit,
1896 3996 2271 4091 quomodo
2319 3997 2427 4079 sol
2478 3995 2554 4071 in
2603 4015 2870 4070 occasu
2920 3994 3261 4090 apparuit
3309 3994 3442 4069 sibi
3494 3998 3791 4071 exeunti

1451 4121 1546 4199 de
1579 4120 1898 4201 nubibus
1931 4118 2463 4197 iracundorum
2496 4132 2630 4212 per
2664 4136 2891 4191 unam
2920 4114 3541 4211 comparationem
3580 4115 3793 4191 valde

1450 4259 1870 4317 consonam.
1925 4240 2014 4315 Et
2063 4238 2355 4314 videtur
2394 4236 2641 4319 dicere
2680 4233 3239 4312 sententialiter:
3276 4234 3385 4311 vis
3426 4242 3505 4309 tu
3542 4235 3792 4312 videre

1449 4360 1651 4436 clare
1702 4359 2016 4454 qualiter
2067 4357 2261 4433 exivi
2310 4356 2603 4430 fumum
2654 4355 2877 4429 istum
2928 4354 3429 4450 tenebrosum,
3476 4361 3555 4431 et
3614 4376 3784 4451 per-

1449 4481 1624 4567 veni
1669 4480 1760 4557 ad
1811 4498 2068 4555 aerem
2117 4476 2621 4552 luminosum?
2672 4474 3084 4571 Imaginare
3146 4474 3205 4549 si
3268 4473 3663 4569 aliquando
3712 4475 3787 4549 in

1451 4600 1762 4677 transitu
1811 4598 2102 4695 Alpium
2133 4589 2209 4691 (³)
2264 4596 2510 4690 aliqua
2572 4595 2841 4670 nebula
2900 4593 3171 4672 velavit
3219 4594 3346 4669 tibi
3398 4594 3663 4690 visum,
3714 4603 3789 4671 et

1448 4722 1667 4817 paulo
1701 4728 1886 4817 post,
1912 4720 2066 4797 sole
2098 4716 2449 4814 paulatim
2490 4715 2993 4811 rarefaciente,
3028 4714 3307 4811 coepisti
3344 4735 3790 4811 recuperare

1449 4842 1690 4915 visum
1742 4841 2074 4916 debiliter
2099 4829 2203 4935 (⁴),
2256 4845 2332 4915 et
2382 4837 2633 4914 videre
2682 4835 2869 4911 sicut
2919 4834 3039 4913 illa
3088 4834 3392 4911 bestiola
3442 4856 3611 4930 quae
3660 4856 3792 4912 vo-

1569 5026 1625 5091 (¹)
1661 5033 1768 5088 11⁷,
1803 5028 1857 5078 in
1888 5029 1988 5079 isto
2021 5028 2251 5092 capitulo
2283 5027 2433 5077 xvn
2465 5026 2569 5091 agit
2598 5028 2669 5075 et.
2916 5020 2974 5087 (⁸)
3007 5023 3069 5075 E.
3101 5038 3225 5075 cnm
3256 5024 3565 5091 ingreditur.

1569 5107 1623 5171 (⁸)
1657 5110 1764 5165 ¹¹⁷,
1799 5104 1964 5169 Alpis.
2919 5100 2975 5164 (⁴)
3006 5101 3069 5153 Ε.
3102 5102 3425 5153 debilitatum
3456 5106 3527 5152 et.
