4392 6850
1533 909 1673 977 128
2250 920 2658 977 COMENTUM
2707 920 3146 978 PURGATonu

1524 1066 1911 1162 paritatem
1965 1064 2114 1139 vitii
2167 1071 2243 1139 et
2294 1064 2660 1159 vituperii,
2695 1064 2962 1140 scilicet
3015 1064 3354 1159 libidinis3
3390 1065 3562 1158 quia
3599 1067 3869 1142 Helena

1521 1187 1853 1262 adultera
1909 1185 2181 1261 Paridis
2234 1186 2369 1259 suit
2418 1207 2643 1260 causa
2696 1186 2873 1261 tanti
2929 1186 3093 1261 belli
3146 1191 3221 1261 et
3270 1186 3527 1261 excidii
3576 1187 3869 1261 nobilis-

1522 1306 1729 1380 simae
1755 1305 2025 1399 Troiae3
2052 1307 2583 1401 clytemnestra
2614 1327 2794 1381 vero
2820 1307 3154 1381 adultera
3180 1307 3487 1403 AEgistbi
3525 1308 3867 1382 sacerdo-

1518 1427 1633 1519 tis,
1685 1427 1817 1500 fuit
1868 1446 2093 1500 causa
2137 1425 2391 1499 mortis
2422 1419 2493 1515 (¹)
2535 1426 2953 1500 nobilissimi
2988 1426 3195 1500 ducis
3230 1448 3651 1522 graecorum
3689 1448 3867 1502 con—

1522 1555 1631 1623 tta
1685 1547 1999 1621 Troiam.
2054 1547 2157 1620 Ad
2214 1546 2687 1642 propositum
2721 1568 2949 1644 ergo:
3003 1568 3177 1621 cum
3237 1547 3443 1622 Paris
3510 1549 3865 1644 rapuisset

1518 1668 1896 1757 Helenam,
1935 1666 2043 1739 isti
2091 1666 2241 1741 duo
2295 1686 2507 1762 reges
2559 1666 2821 1741 fratres
2870 1666 3052 1760 eiuS,
3098 1666 3347 1740 audito
3396 1689 3700 1742 rumore
3756 1667 3864 1741 in-

1518 1787 1719 1880 fami,
1771 1788 2014 1861 subito
2066 1786 2555 1861 ascenderunt
2607 1808 2828 1860 unam
2900 1788 3217 1883 galeam,
3284 1793 3358 1861 et
3407 1787 3862 1862 velocissime

1518 1907 1749 1982 secuti
1803 1914 1972 1981 sunt
2021 1927 2240 2000 eum3
2290 1907 2416 1980 sed
2469 1905 2709 1981 statim
2765 1913 2928 1981 orta
2981 1907 3214 1981 valida
3258 1912 3691 2003 tempestate
3731 1907 3862 1980 ab·

1517 2027 1694 2102 sorti
1729 2033 1897 2101 sunt
1933 2027 2004 2101 in
2036 2018 2108 2119 (²)
2166 2027 2388 2119 mari3
2442 2033 2518 2101 et
2565 2027 2739 2121 quia
2785 2047 3163 2121 nunquam
3209 2034 3458 2121 postea
3497 2027 3628 2100 visi
3665 2034 3857 2121 sunt,

1518 2167 1653 2221 nec
1703 2147 1964 2221 scitum
2022 2148 2154 2221 suit
2223 2148 2316 2222 de
2375 2169 2637 2221 eorum
2708 2154 2947 2222 morte
3006 2148 3121 2223 vel
3188 2149 3588 2242 sepultura,
3654 2147 3860 2222 facile

1513 2287 1952 2361 persuasum
2005 2274 2116 2341 est
2163 2268 2414 2363 vulg0,
2452 2267 2648 2361 quod
2702 2267 2996 2342 fuerant
3040 2268 3222 2364 rapti
3259 2268 3331 2341 in
3371 2270 3642 2343 coelum
3686 2289 3857 2365 pro—

1512 2393 1676 2481 pter
1727 2407 1990 2461 eorum
2044 2387 2392 2461 virtutem
2449 2394 2523 2462 et
2573 2387 2909 2483 gloriam,
2964 2387 3152 2462 sicut
3212 2395 3412 2463 recte
3460 2387 3718 2462 accidit
3766 2387 3859 2461 de

1514 2509 1833 2582 Romulo
1887 2508 1958 2581 in
2026 2508 2240 2581 simili
2303 2529 2478 2582 casu
2549 2515 2884 2603 tempore
2954 2507 3208 2582 mortis
3276 2508 3612 2586 violentae
3676 2509 3852 2584 eius.

1514 2627 1762 2702 Poetae
1814 2647 1992 2701 vero
2044 2627 2415 2702 finxerunt
2467 2628 2661 2721 quod
2715 2635 2927 2703 erant
2961 2628 3292 2715 conversi
3328 2629 3402 2702 in
3438 2628 3677 2704 sidera
3728 2649 3857 2726 ge-

1516 2747 1925 2841 minorum,
1964 2748 2158 2822 unde
2191 2750 2557 2823 Homerus
2595 2748 2691 2821 XI
2728 2748 3068 2844 Odysseae
3119 2748 3509 2824 introducit
3549 2751 3851 2846 Ulyxem

1512 2866 1926 2941 dicentem:
1990 2873 2078 2940 Ec
2148 2871 2408 2941 Ledam
2477 2871 2620 2942 vidi
2697 2872 3013 2960 Tyndari
3083 2890 3421 2962 uxorem,
3501 2892 3657 2962 quoe
3730 2870 3856 2943 sub

1523 2990 1857 3077 Tyndaro
1884 2990 2309 3080 fortissimos
2345 2992 2583 3079 genuit
2604 2992 2813 3081 filios,
2849 2995 3205 3063 Castorem
3230 3012 3404 3083 equo
3438 2991 3852 3081 bellicosum,

1505 3111 1771 3199 puyillo
1844 3108 2098 3180 bonum
2171 3111 2539 3181 Pollucem.
2618 3108 3025 3203 Aliquando
3090 3117 3290 3186 certe
3354 3111 3664 3186 vicissim
3744 3109 3851 3184 vi—

1512 3235 1715 3321 vunt,
1765 3228 2157 3322 aliquando
2226 3236 2476 3303 autem
2554 3229 2994 3326 moriuntur,
3055 3231 3261 3325 idest,
3318 3232 3489 3326 quia
3556 3231 3851 3324 quando

1511 3372 1703 3425 unus
1742 3350 1915 3424 vivit
1947 3349 2133 3423 alter
2169 3349 2507 3443 moritur,
2544 3356 2616 3425 et
2652 3371 2696 3425 e
2741 3371 3133 3448 converso;
3170 3352 3364 3449 quod
3403 3352 3564 3429 ideo
3598 3352 3847 3428 fictum

1507 3480 1639 3566 est,
1693 3472 1866 3565 quia
1917 3491 2181 3545 eorum
2235 3473 2461 3545 stellae
2512 3471 2607 3545 ita
2680 3492 2759 3546 se
2822 3455 3117 3568 babent,
3171 3474 3366 3568 quod
3429 3495 3577 3548 una
3628 3494 3852 3569 appa-

1507 3599 1741 3684 rente,
1792 3577 2022 3665 altera
2075 3591 2253 3665 latet
2303 3597 2376 3665 et
2429 3612 2473 3665 e
2513 3612 2892 3668 converso.
2936 3593 3061 3666 Est
3093 3600 3344 3668 autem
3387 3594 3678 3691 signum
3720 3613 3852 3690 ge-

1507 3713 1882 3785 minorum
1933 3712 2225 3807 signum
2282 3714 2720 3806 humanum,
2758 3734 2907 3807 quo
2957 3713 3418 3808 ascendente,
3456 3722 3670 3809 poeta
3718 3735 3852 3788 no-

1505 3843 1655 3909 ster
1707 3841 1921 3908 natus
1972 3840 2120 3927 est3
2171 3833 2336 3907 ideo
2392 3834 2555 3908 fecit
2605 3834 2948 3908 libentius
3002 3834 3446 3910 mentionem
3500 3835 3592 3910 de
3644 3834 3850 3931 signo

1503 3954 1997 4052 geminorum,
2059 3953 2254 4047 quod
2318 3951 2657 4027 libentius
2706 3955 3342 4050 contemplabatur
3400 3955 3475 4028 in
3526 3954 3847 4047 zodiaco,

1445 4116 1448 4120 ·
1502 4096 1675 4150 cum
1734 4075 1828 4150 ita
1887 4075 2096 4169 bene,
2150 4073 2301 4146 imo
2354 4073 2639 4164 meliuS‚
2676 4081 2920 4169 posset
2953 4075 3199 4150 dicere
3247 4076 3340 4150 de
3391 4096 3683 4168 cancro,
3720 4073 3844 4168 qui

1505 4196 1739 4291 magis
1785 4196 2000 4269 distat
2049 4195 2146 4269 ab
2180 4194 2667 4288 aequinoctiali
2710 4201 2784 4269 et
2822 4196 3051 4292 magis
3078 4196 3620 4292 'appropinquat
3652 4195 3839 4290 polo.

1500 4357 1600 4371 -
1631 4321 1852 4390 Come.
1906 4316 2035 4390 Hic
2089 4316 2431 4413 Virgilius
2481 4316 2693 4390 docet
2753 4322 3039 4410 poetam
3106 4336 3552 4413 cognoscere
3601 4316 3846 4391 diver-

1500 4459 1664 4511 sum
1720 4438 2095 4512 introitum
2151 4438 2321 4512 solis
2380 4444 2455 4511 et
2521 4437 2887 4511 diversam
2966 4438 3337 4533 umbram,
3415 4459 3546 4534 per
3614 4459 3840 4513 unam

1499 4557 1813 4654 figuram
1869 4564 1945 4632 et
1992 4558 2695 4633 demonstrationem
2749 4558 3068 4652 claram3
3122 4566 3195 4633 et
3248 4558 3569 4634 breviter
3628 4559 3840 4634 dicit:

1496 4678 1876 4753 considera
1913 4678 1986 4753 in
2024 4686 2273 4754 mente
2308 4686 2437 4752 tua
2492 4678 2686 4772 quod
2739 4698 2953 4752 mons
3002 4678 3196 4776 Syon
3237 4677 3364 4771 qui
3407 4682 3515 4752 est
3558 4678 3631 4752 in
3672 4677 3843 4753 Hie-

1497 4800 1843 4892 rusalem,
1880 4819 2052 4892 quae
2093 4806 2204 4874 est
2255 4798 2329 4872 in
2383 4798 2624 4872 medio
2678 4798 2929 4871 mundi
2966 4798 3039 4872 in
3082 4805 3281 4873 terra
3319 4798 3714 4892 habitabili,
3753 4798 3843 4872 sit

1620 5056 1675 5119 (¹)
1709 5062 1818 5117 11⁷,
1851 5058 2038 5109 mortis
2069 5059 2477 5123 Agamemnonis
2507 5058 2807 5109 nobilissimi
2841 5058 3003 5108 ducis.
3242 5095 3246 5100 .
3296 5053 3351 5119 ς’)
3383 5054 3435 5106 S.
3468 5055 3519 5105 iu
3552 5066 3714 5104 mare.
