4392 6850
1501 929 1646 998 454
2230 941 2637 998 consumma
2666 943 3121 999 -Punoxronu

1499 1084 1790 1183 scilicet,
1841 1085 2115 1183 Virgilii
2153 1173 2160 1184 .
2175 1087 2308 1202 ¹qui
2364 1087 2671 1186 fideliter
2729 1086 3046 1163 ducebat
3098 1106 3242 1182 me,
3294 1091 3369 1160 et
3430 1106 3573 1184 ego
3624 1093 3839 1182 caute

1496 1209 1860 1304 sequebar
1895 1228 2072 1283 eum
2113 1207 2269 1303 pari
2323 1229 2541 1304 passu
2578 1227 2709 1302 per
2748 1207 3050 1304 vestigia
3093 1206 3277 1301 eius,
3310 1193 3502 1300 usci',
3546 1207 3837 1303 scilicet,

1499 1350 1662 1426 egO‚
1717 1333 1888 1424 fuer
1945 1331 2022 1420 di
2077 1331 2196 1422 tat,
2241 1329 2443 1420 nube,
2494 1328 2699 1424 idest,
2745 1347 2845 1420 ‘ex
2906 1329 3113 1402 sumo
3172 1327 3583 1424 obscuriori
3639 1331 3833 1424 omni

1497 1450 1698 1525 nube
1748 1450 1865 1524 vel
1915 1450 2211 1544 nebula,
2260 1452 2335 1548 qi
2378 1452 2596 1542 rayqi
2634 1452 2869 1542 morti,
2904 1454 3203 1544 propter
3219 1515 3231 1536 ,,
3250 1467 3597 1522 occasum
3641 1449 3835 1544 dicit,

1494 1560 1618 1664 yid
1665 1572 1779 1644 nei
1827 1571 2016 1644 bassi
2063 1571 2190 1643 lidi
2204 1596 2237 1664 ,·
2270 1569 2445 1664 quia
2479 1570 2588 1644 sol
2623 1569 2917 1664 quando
2952 1567 3236 1663 occidit,
3270 1567 3561 1666 yidetur
3604 1570 3833 1667 mergi

1497 1691 1570 1768 in
1625 1691 1832 1765 mari.
1883 1692 1973 1765 Et
2019 1689 2402 1767 considera
2436 1696 2797 1784 quantum
2833 1689 3282 1784 comparatio
3316 1689 3693 1784 praemissa
3727 1697 3833 1768 est

1494 1812 2011 1908 propriissima.
2031 1799 2273 1887 ¹Poeta
2326 1811 2521 1885 enim
2555 1810 2735 1906 dum
2772 1809 3117 1884 transiret
3151 1829 3282 1906 per
3311 1809 3594 1905 Alpem,
3629 1810 3827 1906 idest,

1494 1932 1715 2026 viam,
1767 1938 1843 2006 et
1892 1931 2283 2006 materiam
2335 1930 2597 2006 fortem
2652 1929 2783 2023 irae
2830 1950 3003 2004 cum
3058 1929 3385 2004 maximo
3425 1930 3679 2004 labore
3719 1930 3831 2004 in-

1493 2058 1804 2128 venerat
1853 2052 2225 2146 nebulam,
2276 2051 2483 2146 idest,
2537 2050 2827 2124 fumum
2892 2049 3043 2148 iras,
3088 2071 3229 2150 per
3276 2071 3523 2146 quem.
3566 2051 3830 2148 transiss

1492 2182 1704 2249 verat
1752 2173 2040 2267 illaesuS,
2075 2172 2267 2248 duce
2302 2171 2618 2268 Virgilio,
2654 2177 2729 2266 et
2762 2192 2959 2266 nunc
2994 2151 3289 2266 tandem
3326 2172 3399 2245 in
3434 2171 3579 2248 fine
3612 2171 3831 2269 ipsius

1490 2295 1676 2369 fumi
1725 2292 2109 2388 incipiebat
2173 2290 2530 2386 revidere,
2576 2313 2733 2386 ,non
2768 2298 3045 2384 ⁴tamen
3111 2293 3329 2389 plene
3342 2316 3363 2386 3
3426 2293 3553 2368 sed
3610 2294 3829 2389 paulo

1491 2422 1652 2511 post
1700 2420 2066 2509 purgatur
2103 2405 2177 2505 (¹)
2234 2412 2330 2486 ab
2362 2413 2625 2508 angelo
2660 2431 2971 2507 excussa
3005 2412 3447 2504 omni-nube
3480 2412 3831 2510 caliginis,

1489 2555 1659 2628 quae
1703 2532 2020 2628 amplius
2077 2552 2227 2607 non
2294 2532 2509 2624 laedet
2569 2531 2810 2626 visum
2874 2531 3058 2628 eius·
3096 2573 3195 2586 —
3229 2537 3290 2626 O
3344 2535 3825 2624 imam‘nativa.

1486 2653 1697 2728 Nunc
1746 2662 1963 2748 poeta
2022 2652 2277 2728 vole'ns
2341 2651 2759 2727 describere
2822 2673 3059 2728 unam,
3116 2650 3495 2747 visionem,
3546 2652 3622 2726 in
3682 2674 3825 2748 qua

1361 2757 1366 2762 ⁸
1492 2773 1670 2851 vidit
1719 2778 2028 2847 caeteros
2059 2763 2132 2865 (²)
2187 2771 2493 2846 effectus
2542 2770 2696 2866 irae,
2748 2792 2842 2846 ex
2890 2770 3375 2876 admiratione
3406 2772 3645 2869 primo
3694 2793 3825 2848 ex-

1486 2894 1754 2969 clamat
1803 2913 2024 2988 super
2075 2891 2246 2965 sorti
2295 2889 2839 2987 imaginatione,
2877 2912 3046 2990 quae
3088 2891 3458 2965 interdum
3512 2892 3824 2967 vindicat

1401 3037 1412 3050 ·
1483 3019 1714 3088 totam
1751 3013 2075 3088 animam
2111 3011 2267 3086 sibi.
2304 3009 2488 3086 Dicit
2520 3030 2702 3113 ergo
2751 3009 3221 3086 admirative:
3269 3016 3357 3108 O,
3390 3011 3819 3086 adverbium

1484 3139 1594 3208 est
1661 3122 2192 3226 adiurantis(³),
2254 3113 2748 3222 imaqinativa,
2808 3134 2929 3204 che
2986 3152 3073 3206 ne
3129 3131 3326 3222 rube,
3365 3130 3589 3232 idest,
3657 3153 3823 3226 quae

1482 3252 1796 3329 derobas
1833 3273 1964 3326 nos
1998 3258 2072 3326 et
2105 3251 2478 3346 praedariS‚
2514 3254 2801 3347 talvolta
2832 3243 2893 3324 si
2924 3255 3001 3326 di
3031 3255 3227 3352 secor,
3266 3272 3655 3328 removens
3698 3274 3827 3328 nos

1481 3373 1576 3449 ab
1626 3372 1968 3448 omnibus
2008 3371 2340 3447 sensibus
2374 3371 2887 3467 exterioribuS,
2922 3374 3024 3445 cli
3047 3393 3209 3475 qom
3241 3392 3390 3447 non
3425 3376 3481 3446 ε’
3501 3393 3825 3467 accorye,

1473 3490 1730 3586 perche*
1757 3496 2088 3567 dimorno
2119 3494 2375 3565 sunnin
2409 3495 2591 3565 mille
2634 3492 2835 3595 ιαὺε;
2864 3492 3073 3587 quasi
3116 3492 3328 3589 dicat,
3364 3493 3562 3587 quod
3602 3493 3821 3569 bomo

1478 3634 1629 3687 non
1675 3612 1881 3689 audit
1928 3611 2417 3687 instrumenta
2468 3611 2749 3686 musica
2798 3632 3070 3714 sonora
3131 3613 3435 3689 solentia
3496 3614 3811 3715 multum

1483 3733 1809 3809 excitare
1858 3732 2236 3827 auditum3
2290 3738 2364 3807 et
2414 3732 2512 3806 ita
2564 3753 2711 3807 non
2771 3704 2968 3807 videt
3018 3700 3215 3809 mille
3270 3706 3619 3807 mulieres
3670 3734 3821 3808 for-

1476 3874 1720 3929 mosas
1779 3854 1947 3929 licet
2007 3857 2383 3929 transeant
2432 3859 2605 3931 ante
2665 3854 2918 3927 oculos
2986 3853 3170 3960 eiuS,
3222 3830 3297 3925 et
3346 3852 3444 3926 ita
3492 3852 3585 3927 de
3634 3853 3811 3927 aliis.

1470 3974 1640 4050 Ideo
1697 3973 1958 4048 merito
2008 3973 2186 4069 petit
2234 3972 2329 4047 de
2381 3978 2531 4049 tam
2586 3972 2895 4047 mirabili
2955 3971 3467 4066 abstractione,
3528 3972 3815 4047 dicens:

1473 4098 1582 4169 chi
1612 4115 1902 4169 mnovea
1927 4101 2012 4187 te,
2039 4116 2113 4167 se
2137 4096 2189 4168 'l
2217 4114 2421 4193 senso
2454 4115 2601 4167 non
2634 4096 2685 4167 ti
2704 4100 3009 4202 porge?
3024 4092 3227 4188 idest,
3264 4092 3547 4167 confert
3588 4093 3817 4166 motui

1474 4219 1655 4289 tuo?
1689 4213 1896 4309 quasi
1931 4213 2158 4289 dicat:
2195 4234 2369 4289 cum
2406 4213 2833 4315 imaginatio
2865 4234 3013 4313 non
3048 4214 3138 4287 sit
3171 4214 3329 4289 sine
3366 4233 3612 4308 sensu,
3640 4214 3811 4313 quid

1472 4337 1817 4412 movebat
1869 4342 1944 4411 te
1992 4340 2237 4409 nunc?
2286 4336 2376 4409 Et
2436 4334 2783 4411 continuo
2847 4334 3237 4430 respondet
3294 4333 3430 4408 sibi
3492 4333 3647 4429 ipsi,
3709 4324 3849 4408 di-'

1473 4477 1688 4533 cens:
1741 4459 2095 4532 Muoveati
2141 4459 2347 4547 lume,
2382 4455 2587 4549 idest,
2610 4454 3013 4555 influentia,
3049 4455 3237 4549 coeli,
3292 4476 3428 4553 perf
3448 4552 3457 4559 .
3478 4477 3577 4547 se,
3629 4454 3817 4560 scilif

1469 4583 1608 4673 cet,
1659 4598 1750 4653 ex
1816 4583 2081 4653 natura
2144 4575 2335 4671 coeli‚
2388 4575 2582 4669 quod
2652 4575 2881 4650 initiat
2946 4583 3193 4681 motus
3255 4581 3568 4675 nostros,
3633 4564 3812 4668 ut(‘)

1459 4698 1618 4792 jam
1685 4698 1835 4773 dixi
1900 4696 2217 4793 capitulo
2282 4696 2768 4791 praecedenti3
2834 4716 2904 4791 ο,
2931 4718 3063 4790 per
3128 4699 3321 4770 voler
3376 4698 3497 4793 che
3560 4692 3681 4787 92⁶1)
3747 4698 3812 4769 lo

1465 4838 1739 4910 scorye,
1809 4817 2014 4911 idest,
2079 4816 2194 4893 vel
2256 4838 2303 4891 a
2373 4816 2751 4891 voluntate
2814 4815 3082 4911 divina,
3153 4836 3323 4909 quae
3394 4815 3813 4889 transmittit

1588 5001 1646 5065 (¹)
1677 5003 1730 5054 S·
1762 5004 2099 5068 purgabatur.
2692 5000 2749 5067 (⁸)
2784 5004 2845 5053 E.
2878 5010 3050 5056 certos
3082 5003 3315 5055 effectus.

1589 5078 1642 5141 (⁸)
1675 5080 1736 5130 Ε.
1771 5080 2086 5131 admirantis.
2699 5078 2753 5142 (⁸)
2785 5080 2837 5132 S.
2870 5086 2929 5132 ut
2951 5081 3065 5145 jam
3095 5082 3238 5133 dixit.
