4392 6850
1355 925 1500 993 262
2081 934 2491 992 commum
2541 933 2981 992 PunoAronn

1355 1083 1529 1178 quia
1578 1103 1708 1158 vos
1757 1081 1877 1156 alii
1906 1073 1980 1173 (¹)
2031 1079 2347 1156 illustres
2398 1081 2727 1157 nondum
2788 1081 2959 1156 estis
3024 1077 3345 1176 dispositi
3405 1078 3502 1154 ad
3574 1097 3707 1154 ve-

1354 1202 1706 1278 niendum
1756 1222 2080 1296 sursum,
2129 1195 2190 1275 si
2240 1205 2284 1275 ἴ
2302 1193 2703 1294 αῃευοῖενὸ,
2768 1201 2973 1296 idest,
3040 1200 3399 1276 alleviabo
3464 1199 3705 1294 ipsum

1355 1344 1661 1420 gravem
1713 1329 1789 1397 et
1838 1321 2407 1418 somnolentum,
2434 1343 2569 1416 per
2618 1326 2693 1396 la
2738 1343 2872 1396 sua
2924 1325 3067 1414 via,
3110 1341 3277 1416 quae
3328 1325 3439 1396 est
3490 1317 3703 1430 valde

1354 1442 1562 1517 dura.
1618 1443 1706 1516 Et
1752 1441 1923 1516 dicit
1973 1441 2356 1538 Virgilius:
2410 1445 2665 1516 Sordel
2708 1445 2994 1533 rimase,
3062 1442 3236 1536 quia
3286 1439 3694 1516 sociaverat

1358 1582 1488 1637 nos
1539 1562 1730 1637 intra
1789 1562 2079 1656 vallem,
2139 1583 2177 1634 e
2234 1565 2279 1636 t’
2297 1565 2478 1637 altre
2531 1565 2751 1654 gentil
2788 1565 3047 1656 forme,
3100 1560 3303 1655 idest,
3355 1559 3475 1636 alii
3536 1560 3705 1634 illu-

1355 1688 1580 1776 stres;
1635 1683 1776 1777 vel,
1809 1681 2219 1756 secundum
2268 1681 2489 1757 aliam
2540 1680 2879 1776 literam;
2928 1703 2967 1754 e
3016 1682 3253 1755 l’aure
3299 1683 3488 1772 qenai
3528 1683 3700 1774 fetor

1357 1823 1489 1893 me,
1542 1800 1744 1895 idest,
1801 1800 1964 1874 aliae
2009 1807 2267 1898 gentes
2306 1809 2576 1896 praeter
2614 1821 2756 1895 me,
2792 1799 2919 1896 qui
2962 1800 3161 1876 solus
3200 1805 3497 1876 secutus
3532 1821 3699 1874 sum

1357 1921 1555 1996 illam
1606 1920 2019 2014 dominam3
2053 1927 2165 1996 est
2197 1927 2448 1996 tamen
2482 1920 2677 1997 idem
2712 1920 3039 2016 effectuS‚
3075 1921 3201 1997 sed
3236 1920 3459 1996 credo
3499 1919 3697 2015 quod

1356 2043 1594 2139 prima
1643 2042 1853 2117 litera
1903 2042 1995 2115 sit
2041 2041 2135 2117 de
2186 2049 2435 2118 mente
2484 2041 2785 2117 autoris,
2840 2043 2926 2116 Et
2976 2063 3152 2118 ecce
3202 2042 3514 2117 factum:
3565 2043 3703 2114 ella

1359 2165 1410 2236 ti
1458 2166 1649 2253 colse,
1701 2162 1772 2235 in
1825 2161 2008 2257 pede
2056 2182 2194 2237 suo
2244 2163 2383 2235 sub
2436 2163 2703 2238 umbra
2752 2162 3045 2238 alarum
3110 2182 3444 2256 suarum,
3496 2182 3533 2233 e
3580 2182 3703 2234 sen

1359 2305 1576 2358 venne
1623 2303 1785 2356 suso
1835 2304 2025 2356 come
2057 2285 2108 2356 ’l
2152 2275 2225 2356 di
2266 2287 2353 2378 s'u
2400 2285 2695 2377 chiar03
2758 2303 2929 2358 nam
2984 2282 3059 2357 in
3111 2290 3325 2358 nocte
3377 2302 3524 2356 non
3574 2301 3707 2377 po-
3826 2353 3837 2358 -

1357 2404 1616 2479 tuisset
1665 2402 2098 2479 ascendere:
2153 2410 2228 2479 et
2276 2404 2380 2479 sic
2432 2409 2603 2478 nota
2654 2404 2971 2498 qualiter
3019 2402 3265 2478 divina
3310 2403 3549 2500 gratia
3598 2403 3706 2478 le-

1356 2525 1558 2600 vavit
1605 2524 1932 2600 animam
1981 2524 2261 2600 autoris
2311 2523 2798 2600 dormientem
2844 2524 2918 2599 in
2968 2523 3200 2599 herba
3252 2530 3327 2598 et
3378 2524 3702 2618 floribuS‚

1356 2643 1562 2740 idest,
1614 2644 1857 2718 adhuc
1907 2649 2343 2741 occupatam
2394 2644 2591 2720 circa
2649 2644 3123 2738 delectabilia,
3174 2650 3338 2738 post
3386 2650 3705 2738 noctem,

1355 2763 1540 2839 idest
1589 2763 1992 2839 caecitatem
2057 2764 2358 2860 peccati,
2410 2765 2846 2840 adveniente
2909 2764 3049 2859 die,
3120 2763 3305 2839 idest
3352 2762 3705 2856 claritate,

1357 2890 1522 2980 post
1569 2904 1945 2979 auroram,
1983 2885 2166 2960 idest
2216 2885 2826 2982 praeparationem
2860 2885 3138 2982 gratiae.
3194 2887 3281 2958 Et
3331 2885 3501 2960 dicit
3542 2884 3706 2958 Vir-

1357 3004 1612 3102 gilius:
1668 3027 1705 3078 e
1751 3009 1822 3079 io
1867 3027 2000 3098 per
2044 3008 2106 3079 le
2146 3017 2275 3080 'sue
2336 3027 2558 3098 orme,
2624 3006 2829 3101 idest,
2881 3026 3014 3102 per
3078 3005 3381 3103 vestigia
3443 3004 3707 3100 aquilae

1359 3124 1528 3201 veni
1581 3147 1902 3200 sursum.
1954 3127 2044 3200 Et
2093 3127 2297 3223 ponit
2348 3126 2569 3202 finem
2635 3127 2855 3200 huius
2919 3133 3195 3222 raptuS,
3248 3125 3537 3201 dicens:
3590 3129 3709 3218 qui

1360 3249 1411 3318 ti
1452 3237 1655 3337 poso,
1719 3245 2013 3340 scilicet,
2073 3246 2195 3322 illa
2258 3245 2478 3322 Lucia
2541 3246 2869 3342 deposito
2929 3267 3205 3341 onere:
3258 3268 3295 3319 e
3360 3248 3462 3337 qli
3518 3247 3711 3320 ocelli

1360 3368 1520 3441 suoi
1567 3368 1748 3459 belli,
1801 3367 1972 3463 quia
2031 3372 2139 3443 est
2206 3369 2333 3442 lux
2396 3367 2839 3461 illuminanS,
2894 3365 3071 3462 prid
3125 3369 3223 3442 mi
3278 3370 3710 3442 dimostraro

1361 3491 1589 3580 quella
1621 3491 1888 3563 intrata
1921 3495 2196 3582 aperta,
2234 3489 2506 3565 scilicet
2540 3496 2828 3586 portam
2867 3490 3294 3587 purgatorii,
3334 3510 3501 3585 quae
3534 3509 3707 3585 ape-

1361 3606 1550 3681 ritur
1601 3608 1702 3683 sic
1752 3608 2146 3705 dispositis3
2200 3616 2277 3684 et
2324 3609 2729 3684 concludit:
2762 3612 2893 3703 poi
2934 3613 3097 3701 ella,
3132 3609 3407 3685 scilicet
3436 3609 3705 3705 aquila,

1314 3828 1321 3835 .
1359 3748 1398 3800 e
1428 3730 1480 3801 'l
1524 3748 1752 3800 sonno
1799 3750 1874 3801 se
1923 3730 1992 3801 η’
2019 3732 2305 3803 undaro
2356 3732 2455 3803 ad
2500 3750 2674 3819 una,
2726 3728 2931 3824 idest,
2984 3728 3225 3823 simul,
3279 3728 3454 3823 quia
3488 3729 3563 3803 in
3596 3728 3707 3803 in-

1359 3847 1574 3921 stanti
1627 3847 1748 3921 illa
1801 3848 2096 3923 recessit
2145 3855 2221 3923 et
2272 3856 2351 3922 tu
2387 3848 2765 3944 evigilasti.
2796 3888 2895 3903 —
2924 3854 2983 3923 A
3020 3852 3245 3941 anisa.
3282 3849 3413 3923 Hic
3450 3849 3705 3923 ultimo

1360 3973 1574 4063 poeta
1638 3967 1840 4062 ponit
1902 3968 2182 4042 bonum
2242 3968 2590 4043 effectum
2650 3969 3177 4045 exhortationis
3238 3968 3535 4066 Virgilii,
3594 3968 3704 4043 di-

1360 4108 1580 4163 cens:
1634 4091 1705 4161 io
1757 4089 1853 4161 mi
1899 4090 2226 4180 cambiai,
2278 4087 2551 4164 scilicet
2612 4088 2688 4163 in
2748 4095 3023 4185 mente,
3088 4112 3137 4164 a
3196 4094 3401 4182 anisa
3448 4092 3519 4163 α’
3544 4110 3705 4162 uom

1359 4210 1478 4282 che
1507 4210 1580 4280 ’n
1629 4210 1835 4282 dubio
1883 4211 1946 4282 .ςὶ
1991 4218 2341 4301 racoerca,
2382 4232 2420 4283 e
2458 4212 2579 4283 che
2613 4212 2781 4285 muti
2809 4231 2942 4284 sua
2963 4232 3209 4304 paura
3247 4215 3323 4285 in
3354 4215 3703 4305 conform,

1362 4326 1566 4421 idest,
1612 4328 1954 4403 timorem
1992 4329 2062 4402 in
2106 4350 2337 4426 spem,
2360 4332 2491 4423 poi
2520 4332 2641 4403 che
2673 4332 2746 4403 la
2780 4321 3001 4405 verit&
3040 4334 3141 4422 915
3188 4327 3230 4406 e*
3265 4333 3702 4425 cii-scopata,-

1363 4448 1535 4543 quia
1587 4448 1781 4523 videt
1833 4470 1992 4523 rem
2045 4449 2511 4544 profuturam
2564 4449 2721 4544 sibi,
2774 4471 3003 4543 quam
3063 4451 3269 4547 prius
3318 4449 3705 4527 dubitave-

1363 4571 1478 4642 rat
1543 4568 2004 4663 nocituram3
2075 4569 2237 4645 ideo
2300 4568 2515 4644 dicit:
2568 4590 2607 4642 e
2652 4571 2709 4643 il
2766 4573 2948 4645 duca
3008 4572 3147 4644 mio
3213 4572 3277 4643 si
3334 4591 3559 4643 mosse
3628 4590 3711 4643 su

1356 4708 1490 4780 per
1541 4690 1610 4761 lo
1661 4688 1894 4782 bale,
1947 4690 2152 4784 idest,
2205 4690 2521 4787 gradum
2563 4698 3213 4787 praemonstratum
3266 4690 3466 4785 mihi,
3516 4712 3710 4765 come

1363 4810 1517 4881 vide
1563 4830 1671 4883 me
1717 4831 1935 4883 senza
1985 4831 2188 4902 cura,
2242 4810 2445 4905 idest,
2502 4826 2730 4905 quam
2792 4812 2935 4887 cito
2988 4811 3165 4888 vidit
3215 4832 3337 4887 me
3389 4813 3703 4887 liberum

1457 5077 1459 5080 ·
1488 5065 1540 5129 (¹)
1576 5066 1634 5117 E.
1669 5068 1757 5118 alii
1789 5070 1884 5121 viri
1917 5068 2146 5122 illustres
2177 5070 2349 5121 adhuc
2382 5083 2487 5121 non
2520 5070 2642 5122 estis
2673 5070 2920 5136 dispositi.
