4392 6850
1430 981 1704 1039 CAN'rth
1753 985 2041 1040 snm-us,
2774 973 2909 1040 187

560 1125 658 1200 ab
707 1125 1051 1201 omnibns
1086 1125 1439 1223 pecunias
1471 1129 1774 1224 accepit,
1809 1135 1886 1204 et
1925 1128 2261 1204 omnium
2297 1129 2691 1224 libertates,
2728 1150 2914 1224 quas

560 1246 822 1342 potuit,
897 1244 1259 1322 vendidit:
1337 1247 1537 1322 vivat
1621 1268 1803 1346 ergo
1881 1249 2176 1324 infamia
2236 1271 2529 1347 semper
2604 1250 2783 1325 eius.
2812 1289 2913 1304 -

562 1370 632 1439 Ε
675 1389 752 1440 se
799 1370 980 1440 licito
1031 1369 1120 1440 m’
1147 1363 1204 1442 ἐ.
1258 1367 1468 1443 Nunc
1517 1378 1732 1464 poeta
1783 1369 2014 1444 iratus
2063 1376 2138 1446 et
2187 1371 2530 1445 turbatus
2580 1391 2671 1446 ex
2722 1391 2913 1466 prae-

557 1486 787 1580 dictis,
843 1507 1009 1583 quae
1061 1485 1399 1562 videntur
1451 1489 1876 1600 contingere
1925 1489 2083 1566 sine
2135 1491 2285 1566 ullo
2336 1491 2595 1567 ordine
2642 1491 2908 1566 divinae

560 1605 1055 1701 providentiae,
1107 1627 1276 1700 quae
1335 1628 1483 1682 non
1542 1608 1835 1684 videtur
1893 1630 2165 1686 curare
2214 1612 2547 1708 jacturas
2604 1612 2909 1686 naufra-

559 1725 796 1822 gantis
846 1726 1092 1822 Italiae,
1145 1727 1510 1805 exclamat
1557 1728 1652 1803 ad
1685 1729 1947 1824 Deum,
1983 1729 2273 1805 dicens:
2312 1735 2377 1804 E
2408 1753 2483 1804 se
2514 1734 2695 1805 licito
2737 1728 2906 1822 m’d,

559 1848 836 1944 supple,
871 1847 1141 1942 dicere,
1189 1854 1264 1924 et
1312 1848 1482 1924 facit
1516 1850 1870 1944 colorem,
1907 1850 2032 1945 qui
2069 1849 2334 1924 dicitur
2385 1850 2693 1945 licentia,
2730 1851 2907 1946 quia

561 1988 710 2042 non
775 1968 990 2046 licet:
1059 1989 1104 2041 o
1167 1989 1436 2042 sommo
1510 1972 1747 2061 Giove,
1811 1970 2016 2064 idest,
2091 1969 2551 2064 omnipotens
2628 1977 2909 2046 aeterne

562 2088 802 2164 Deus:
857 2094 932 2163 et
978 2087 1304 2182 loquitur
1355 2089 1660 2184 poetice,
1715 2110 1888 2164 nam
1955 2097 2190 2184 poetae
2250 2088 2557 2186 gentiles
2612 2091 2909 2187 capiunt

559 2207 816 2283 Jovem
869 2228 1004 2304 pro
1051 2227 1350 2282 summo
1398 2210 1600 2304 Deo;
1650 2211 1770 2282 che
1812 2213 1982 2304 fosci
2025 2213 2102 2283 in
2143 2217 2343 2284 terra
2386 2231 2521 2303 per
2568 2213 2691 2284 noi
2738 2233 2907 2284 cru-

558 2329 811 2420 cifisso,
863 2336 938 2402 et
987 2325 1154 2403 ideo
1203 2348 1352 2403 non
1404 2329 1710 2404 deberes
1761 2329 1860 2406 ita
1909 2338 2252 2405 avertere
2319 2330 2573 2407 oculos
2637 2338 2803 2406 tuos
2863 2353 2909 2406 a

558 2449 785 2524 nobis,
839 2448 1046 2524 Unde
1097 2449 1315 2544 petit:
1367 2471 1498 2524 son
1547 2453 1600 2530 li
1643 2453 1854 2542 qiusci
1894 2453 2088 2524 occlti
2139 2455 2283 2525 tuoi
2334 2455 2572 2526 rivoltt'
2614 2455 2907 2543 aurove,

559 2589 780 2664 quam
835 2568 930 2644 ad
961 2568 1297 2644 ltaliam?
1334 2570 1540 2662 quasi
1576 2570 1804 2645 dicat:
1853 2591 1948 2646 an
1986 2569 2253 2646 videris
2290 2572 2693 2648 removisse
2724 2592 2911 2664 ocu-7

559 2689 668 2762 los
696 2695 846 2763 tuae
871 2689 1156 2784 pietatis
1181 2689 1278 2764 ab
1311 2689 1536 2784 ltalia,
1573 2697 1648 2765 et
1683 2690 2042 2788 benignus
2077 2691 2442 2786 respicere
2476 2691 2694 2766 aliam
2734 2713 2906 2786 par-

562 2813 761 2886 tem?
811 2809 921 2882 An
973 2818 1086 2886 est
1135 2831 1426 2903 verum,
1480 2811 1678 2904 quod
1740 2817 1822 2884 tu
1885 2810 2058 2885 sacis
2111 2813 2249 2886 hoc
2300 2810 2374 2896 in
2436 2817 2567 2886 tuo
2616 2817 2905 2886 secreto

562 2931 880 3025 consilio,
917 2930 1093 3024 quia
1143 2930 1436 3024 scilicet,
1472 2930 1830 3025 permittis
1861 2931 2108 3027 aliqua
2143 2935 2340 3008 mala
2376 2931 2557 3028 fieri,
2596 2942 2679 3009 ut
2736 2930 2905 3006 inde

559 3052 801 3128 elicias
849 3051 1172 3145 aliquem
1223 3051 1506 3125 bonum
1539 3051 1884 3126 effectum
1919 3054 2295 3128 occultum
2339 3059 2413 3128 et
2447 3052 2899 3150 incognitum

559 3173 763 3248 nobis
789 3177 822 3245 ‘t
871 3172 1076 3247 Unde
1126 3171 1342 3246 dicit:
1408 3193 1472 3278 o,
1512 3167 1587 3246 e'e
1626 3177 2141 3265 preparazion,
2194 3173 2399 3268 idest,
2450 3173 2899 3270 praeordina-

555 3294 679 3388 tio,
721 3295 844 3367 che
887 3295 1000 3386 sai
1045 3295 1202 3366 nel?
1227 3293 1486 3384 abisse,
1525 3292 1728 3387 idest,
1768 3294 1840 3366 in
1873 3294 2388 3388 profunditate,
2428 3293 2601 3387 quia
2623 3292 2901 3388 judicia

558 3415 688 3491 Dei
741 3415 1048 3511 abyssus
1101 3414 1358 3506 mulla,
1417 3416 1532 3487 del
1585 3420 1700 3487 tuo
1749 3415 2112 3505 consiylio,
2171 3413 2378 3509 idest,
2428 3411 2900 3509 providentiae

553 3542 722 3610 tuae.
775 3536 864 3609 Et
911 3556 1086 3611 ecce
1137 3555 1416 3629 quare:
1465 3555 1599 3627 per
1631 3537 1840 3607 alcun
1877 3534 2043 3607 bene
2081 3537 2158 3606 in
2204 3540 2371 3608 tutto
2418 3536 2660 3624 sasso,
2694 3534 2897 3626 idest,

555 3655 870 3729 totaliter
917 3654 1233 3729 divisum
1269 3661 1343 3729 et
1375 3654 1724 3748 alienum,
1762 3657 1860 3727 da
1893 3656 1938 3727 l'
1957 3674 2299 3745 accoryer
2332 3660 2601 3743 nostro,
2639 3653 2822 3727 idest
2852 3674 2899 3727 a

553 3774 966 3872 cognitione
1017 3782 1288 3868 nostra,
1328 3775 1500 3869 quia
1552 3774 1811 3849 oculus
1847 3780 2096 3849 noster
2137 3774 2475 3849 infirmus
2516 3794 2661 3848 non
2703 3774 2896 3849 valet

553 3915 883 3971 cernere.
935 3896 1092 3969 Alia
1145 3901 1394 3970 tamen
1443 3893 1657 3969 litera
1705 3892 1974 3969 habet:
2017 3896 2092 3967 in
2135 3900 2303 3967 tutto
2336 3915 2470 3987 per
2517 3914 2900 3985 correyyer

553 4023 796 4089 nostro
844 4020 1086 4109 scisso,
1135 4016 1340 4110 idest,
1379 4021 1463 4090 ut
1513 4014 1814 4089 omnino
1848 4015 2176 4111 corrigas
2226 4022 2554 4089 nostram
2606 4013 2901 4089 divisio-

555 4160 762 4235 nem3
817 4141 944 4215 sed
995 4142 1230 4237 prima
1282 4142 1493 4216 litera
1535 4146 1648 4215 est
1687 4140 1947 4215 melior
1981 4148 2058 4214 et
2091 4139 2327 4237 magis
2362 4139 2453 4213 de
2496 4138 2897 4213 intentione

553 4266 808 4356 poetae.
863 4262 952 4334 Et
999 4261 1319 4357 assignat
1371 4267 1584 4357 poeta
1637 4280 1936 4335 causam
1991 4257 2541 4335 exclamationis
2580 4258 2787 4333 factae
2820 4259 2897 4333 in

553 4380 816 4475 Deum,
868 4402 964 4456 ne
1014 4381 1349 4458 videatur
1401 4380 1614 4453 nimis
1667 4378 2140 4473 temerarius;
2181 4378 2376 4453 unde
2409 4377 2615 4451 dicit:
2664 4380 2785 4451 clze
2835 4381 2898 4452 le

553 4490 710 4574 cited
777 4503 1104 4593 d’Icalia,
1163 4520 1312 4575 non
1381 4499 1697 4573 aliarum
1763 4499 2309 4593 provinciarum
2378 4498 2898 4593 communiter,

550 4642 676 4695 son
740 4628 902 4696 cutte
944 4626 1146 4715 piene
1195 4624 1270 4695 di
1333 4622 1622 4711 tiranni,
1689 4619 1841 4694 imo
1903 4619 2124 4696 etiam
2187 4616 2636 4715 tyrannulis3
2704 4618 2901 4695 unde

549 4741 740 4836 dicit,
777 4749 854 4817 et
903 4743 1102 4837 quod
1136 4743 1370 4816 multo
1415 4740 1621 4837 peius
1657 4746 1790 4833 est,
1826 4746 1893 4813 et
1935 4761 2031 4813 un
2083 4741 2355 4813 Marcel
2401 4739 2680 4811 diventa
2730 4744 2913 4833 oqm’⁴

548 4865 762 4936 villan
795 4866 916 4936 che
941 4864 1462 4956 parteyyiando
1499 4862 1710 4933 mene.
1754 4858 1884 4935 Hic
1925 4866 2119 4951 nota,
2156 4860 2411 4951 lector,
2448 4857 2647 4951 quod
2682 4866 2919 4953 poeta·

549 5002 690 5059 non
745 4983 1075 5077 loquitur
1122 4982 1242 5057 hic
1303 4981 1397 5056 de
1453 4980 1578 5055 illo
1639 4979 1978 5054 Marcello
2043 4977 2531 5054 famosissimo
2594 4976 2897 5073 victore,

552 5102 678 5198 qui
729 5102 929 5178 circa
975 5102 1197 5177 finem
1249 5100 1466 5198 primi
1517 5099 1687 5175 belli
1736 5099 1979 5195 punici
2025 5099 2285 5175 occidit
2328 5118 2557 5173 manu
2600 5119 2733 5173 sua
2775 5098 2895 5171 Vi-

1610 5322 1648 5365 h
