<?xml version="1.0" encoding="UTF-8"?>
<!DOCTYPE html PUBLIC "-//W3C//DTD XHTML 1.0 Transitional//EN"
    "http://www.w3.org/TR/xhtml1/DTD/xhtml1-transitional.dtd">
<html xmlns="http://www.w3.org/1999/xhtml" xml:lang="en" lang="en">
 <head>
  <title>
</title>
<meta http-equiv="Content-Type" content="text/html;charset=utf-8" />
  <meta name='ocr-system' content='tesseract 3.04.00' />
  <meta name='ocr-capabilities' content='ocr_page ocr_carea ocr_par ocr_line ocrx_word'/>
</head>
<body>
  <div class='ocr_page' id='page_1' title='image "./comentumsuperda02unkngoog_0133.png"; bbox 0 0 4392 6850; ppageno 0'>
   <div class='ocr_carea' id='block_1_1' title="bbox 1417 973 2935 1054">
    <p class='ocr_par' dir='ltr' id='par_1_1' title="bbox 1417 973 2935 1054">
     <span class='ocr_line' id='line_1_1' title="bbox 1417 973 2935 1054; baseline 0 -14"><span class='ocrx_word' id='word_1_1' title='bbox 1417 985 1692 1042; x_wconf 73' lang='lat' dir='ltr'><strong>CANTus</strong></span> <span class='ocrx_word' id='word_1_2' title='bbox 1741 987 2100 1054; x_wconf 77' lang='lat' dir='ltr'><strong>QUARTUS.</strong></span> <span class='ocrx_word' id='word_1_3' title='bbox 2800 973 2935 1042; x_wconf 78' lang='lat'><strong>121</strong></span> 
     </span>
    </p>
   </div>
   <div class='ocr_carea' id='block_1_2' title="bbox 596 1127 3105 1238">
    <p class='ocr_par' dir='ltr' id='par_1_2' title="bbox 596 1127 3105 1238">
     <span class='ocr_line' id='line_1_2' title="bbox 596 1127 3105 1238; baseline -0.001 -32"><span class='ocrx_word' id='word_1_4' title='bbox 596 1130 904 1206; x_wconf 82' lang='lat' dir='ltr'><strong>tisfactio</strong></span> <span class='ocrx_word' id='word_1_5' title='bbox 960 1129 1361 1224; x_wconf 79' lang='lat' dir='ltr'><strong>requiritur</strong></span> <span class='ocrx_word' id='word_1_6' title='bbox 1427 1130 1746 1206; x_wconf 81' lang='lat' dir='ltr'><strong>tendenti</strong></span> <span class='ocrx_word' id='word_1_7' title='bbox 1805 1129 1900 1204; x_wconf 83' lang='lat' dir='ltr'><strong>ad</strong></span> <span class='ocrx_word' id='word_1_8' title='bbox 1963 1129 2490 1225; x_wconf 83' lang='lat' dir='ltr'><strong>poenitentiam.</strong></span> <span class='ocrx_word' id='word_1_9' title='bbox 2552 1129 2642 1202; x_wconf 86' lang='lat' dir='ltr'><strong>Et</strong></span> <span class='ocrx_word' id='word_1_10' title='bbox 2698 1127 2943 1216; x_wconf 78' lang='lat' dir='ltr'>subdit</span> <span class='ocrx_word' id='word_1_11' title='bbox 3084 1225 3105 1238; x_wconf 43' lang='grc'>,</span> 
     </span>
    </p>
   </div>
   <div class='ocr_carea' id='block_1_3' title="bbox 592 1247 2937 1348">
    <p class='ocr_par' dir='ltr' id='par_1_3' title="bbox 592 1247 2937 1348">
     <span class='ocr_line' id='line_1_3' title="bbox 592 1247 2937 1348; baseline -0.001 -22"><span class='ocrx_word' id='word_1_12' title='bbox 592 1251 964 1346; x_wconf 86' lang='lat' dir='ltr'><strong>quomodo</strong></span> <span class='ocrx_word' id='word_1_13' title='bbox 1029 1251 1368 1346; x_wconf 88' lang='lat' dir='ltr'><strong>petiverit</strong></span> <span class='ocrx_word' id='word_1_14' title='bbox 1423 1273 1472 1326; x_wconf 83' lang='lat' dir='ltr'>a</span> <span class='ocrx_word' id='word_1_15' title='bbox 1531 1250 1828 1348; x_wconf 83' lang='lat' dir='ltr'><strong>Virgilio</strong></span> <span class='ocrx_word' id='word_1_16' title='bbox 1891 1251 1986 1326; x_wconf 85' lang='lat' dir='ltr'><strong>de</strong></span> <span class='ocrx_word' id='word_1_17' title='bbox 2042 1249 2373 1326; x_wconf 89' lang='lat' dir='ltr'><strong>ulteriori</strong></span> <span class='ocrx_word' id='word_1_18' title='bbox 2441 1249 2561 1324; x_wconf 82' lang='lat' dir='ltr'><strong>via</strong></span> <span class='ocrx_word' id='word_1_19' title='bbox 2620 1247 2937 1326; x_wconf 80' lang='lat' dir='ltr'><strong>tenenda</strong></span> 
     </span>
    </p>
   </div>
   <div class='ocr_carea' id='block_1_4' title="bbox 591 1369 3084 1468">
    <p class='ocr_par' dir='ltr' id='par_1_4' title="bbox 591 1369 3084 1468">
     <span class='ocr_line' id='line_1_4' title="bbox 591 1369 3084 1468; baseline -0.001 -20"><span class='ocrx_word' id='word_1_20' title='bbox 591 1373 884 1448; x_wconf 84' lang='lat' dir='ltr'><strong>dicens:</strong></span> <span class='ocrx_word' id='word_1_21' title='bbox 945 1378 1257 1446; x_wconf 78' lang='lat' dir='ltr'><strong>Maescro</strong></span> <span class='ocrx_word' id='word_1_22' title='bbox 1319 1375 1482 1463; x_wconf 80' lang='lat' dir='ltr'><strong>mic,</strong></span> <span class='ocrx_word' id='word_1_23' title='bbox 1545 1370 1748 1465; x_wconf 88' lang='lat' dir='ltr'><strong>idest,</strong></span> <span class='ocrx_word' id='word_1_24' title='bbox 1807 1392 1854 1445; x_wconf 97' lang='lat' dir='ltr'><strong>o</strong></span> <span class='ocrx_word' id='word_1_25' title='bbox 1917 1370 2188 1468; x_wconf 78' lang='lat' dir='ltr'><strong>virgili,</strong></span> <span class='ocrx_word' id='word_1_26' title='bbox 2252 1370 2379 1464; x_wconf 91' lang='lat' dir='ltr'><strong>qui</strong></span> <span class='ocrx_word' id='word_1_27' title='bbox 2438 1369 2745 1446; x_wconf 89' lang='lat' dir='ltr'><strong>docuisti</strong></span> <span class='ocrx_word' id='word_1_28' title='bbox 2816 1389 2940 1446; x_wconf 87' lang='lat' dir='ltr'><strong>me</strong></span> <span class='ocrx_word' id='word_1_29' title='bbox 3074 1435 3084 1458; x_wconf 83' lang='grc'><strong>,</strong></span> 
     </span>
    </p>
   </div>
   <div class='ocr_carea' id='block_1_5' title="bbox 591 1493 2951 4966">
    <p class='ocr_par' dir='ltr' id='par_1_5' title="bbox 591 1493 2951 4966">
     <span class='ocr_line' id='line_1_5' title="bbox 592 1493 2939 1587; baseline -0.002 -19"><span class='ocrx_word' id='word_1_30' title='bbox 592 1513 890 1568; x_wconf 87' lang='lat' dir='ltr'><strong>omnem</strong></span> <span class='ocrx_word' id='word_1_31' title='bbox 937 1493 1157 1586; x_wconf 82' lang='lat' dir='ltr'><strong>viam,</strong></span> <span class='ocrx_word' id='word_1_32' title='bbox 1189 1495 1356 1566; x_wconf 79' lang='lat' dir='ltr'><strong>diss&#39;</strong></span> <span class='ocrx_word' id='word_1_33' title='bbox 1380 1495 1451 1566; x_wconf 82' lang='lat' dir='ltr'><strong>io</strong></span> <span class='ocrx_word' id='word_1_34' title='bbox 1477 1518 1502 1566; x_wconf 88' lang='grc'><strong>.·</strong></span> <span class='ocrx_word' id='word_1_35' title='bbox 1535 1495 1654 1566; x_wconf 72' lang='lat' dir='ltr'><strong>che</strong></span> <span class='ocrx_word' id='word_1_36' title='bbox 1702 1496 1819 1566; x_wconf 80' lang='lat' dir='ltr'><strong>via</strong></span> <span class='ocrx_word' id='word_1_37' title='bbox 1845 1496 2184 1587; x_wconf 80' lang='lat' dir='ltr'><strong>sarenw?</strong></span> <span class='ocrx_word' id='word_1_38' title='bbox 2207 1494 2335 1584; x_wconf 82' lang='lat' dir='ltr'><strong>poi</strong></span> <span class='ocrx_word' id='word_1_39' title='bbox 2372 1494 2491 1564; x_wconf 74' lang='lat' dir='ltr'><strong>che</strong></span> <span class='ocrx_word' id='word_1_40' title='bbox 2520 1493 2643 1564; x_wconf 81' lang='lat' dir='ltr'><strong>noi</strong></span> <span class='ocrx_word' id='word_1_41' title='bbox 2664 1494 2939 1585; x_wconf 77' lang='lat' dir='ltr'><strong>summo</strong></span> 
     </span>
     <span class='ocr_line' id='line_1_6' title="bbox 591 1611 2941 1708; baseline 0 -22"><span class='ocrx_word' id='word_1_42' title='bbox 591 1616 669 1686; x_wconf 74' lang='lat' dir='ltr'><strong>iu</strong></span> <span class='ocrx_word' id='word_1_43' title='bbox 731 1633 814 1686; x_wconf 82' lang='lat' dir='ltr'><strong>su</strong></span> <span class='ocrx_word' id='word_1_44' title='bbox 875 1617 1104 1688; x_wconf 79' lang='lat' dir='ltr'><strong>t&#39;orlo</strong></span> <span class='ocrx_word' id='word_1_45' title='bbox 1167 1635 1522 1706; x_wconf 80' lang='lat' dir='ltr'><strong>supremo,</strong></span> <span class='ocrx_word' id='word_1_46' title='bbox 1587 1613 1792 1706; x_wconf 88' lang='lat' dir='ltr'><strong>idest,</strong></span> <span class='ocrx_word' id='word_1_47' title='bbox 1859 1620 2245 1708; x_wconf 77' lang='lat' dir='ltr'><strong>postquam</strong></span> <span class='ocrx_word' id='word_1_48' title='bbox 2308 1612 2781 1708; x_wconf 83' lang='lat' dir='ltr'><strong>pervenimus</strong></span> <span class='ocrx_word' id='word_1_49' title='bbox 2846 1611 2941 1686; x_wconf 84' lang='lat' dir='ltr'><strong>ad</strong></span> 
     </span>
     <span class='ocr_line' id='line_1_7' title="bbox 593 1733 2941 1826; baseline -0.001 -16"><span class='ocrx_word' id='word_1_50' title='bbox 593 1735 812 1810; x_wconf 83' lang='lat' dir='ltr'><strong>finem</strong></span> <span class='ocrx_word' id='word_1_51' title='bbox 857 1734 1050 1809; x_wconf 88' lang='lat' dir='ltr'><strong>illius</strong></span> <span class='ocrx_word' id='word_1_52' title='bbox 1100 1735 1240 1810; x_wconf 84' lang='lat' dir='ltr'><strong>viae</strong></span> <span class='ocrx_word' id='word_1_53' title='bbox 1286 1743 1572 1810; x_wconf 79' lang='lat' dir='ltr'><strong>cavatae</strong></span> <span class='ocrx_word' id='word_1_54' title='bbox 1629 1735 1702 1808; x_wconf 89' lang='lat' dir='ltr'><strong>in</strong></span> <span class='ocrx_word' id='word_1_55' title='bbox 1763 1734 2022 1808; x_wconf 88' lang='lat' dir='ltr'><strong>ultima</strong></span> <span class='ocrx_word' id='word_1_56' title='bbox 2073 1733 2561 1826; x_wconf 76' lang='lat' dir='ltr'><strong>extremitate,</strong></span> <span class='ocrx_word' id='word_1_57' title='bbox 2612 1736 2941 1808; x_wconf 76' lang='lat' dir='ltr'><strong>dell’alta</strong></span> 
     </span>
     <span class='ocr_line' id='line_1_8' title="bbox 591 1852 2941 1951; baseline -0.001 -23"><span class='ocrx_word' id='word_1_58' title='bbox 591 1859 783 1948; x_wconf 76' lang='lat' dir='ltr'><strong>ripa,</strong></span> <span class='ocrx_word' id='word_1_59' title='bbox 834 1855 1058 1951; x_wconf 90' lang='lat' dir='ltr'><strong>ipsius</strong></span> <span class='ocrx_word' id='word_1_60' title='bbox 1107 1855 1398 1950; x_wconf 83' lang='lat' dir='ltr'><strong>montiS,</strong></span> <span class='ocrx_word' id='word_1_61' title='bbox 1449 1876 1498 1929; x_wconf 86' lang='lat' dir='ltr'><em>a</em></span> <span class='ocrx_word' id='word_1_62' title='bbox 1545 1858 1622 1928; x_wconf 80' lang='lat' dir='ltr'><strong>la</strong></span> <span class='ocrx_word' id='word_1_63' title='bbox 1667 1861 1989 1947; x_wconf 79' lang='lat' dir='ltr'><strong>scoperta</strong></span> <span class='ocrx_word' id='word_1_64' title='bbox 2045 1857 2367 1946; x_wconf 72' lang='lat' dir='ltr'><strong>piayyia,</strong></span> <span class='ocrx_word' id='word_1_65' title='bbox 2419 1852 2623 1948; x_wconf 91' lang='lat' dir='ltr'><strong>idest,</strong></span> <span class='ocrx_word' id='word_1_66' title='bbox 2678 1852 2941 1948; x_wconf 83' lang='lat' dir='ltr'><strong>ripam,</strong></span> 
     </span>
     <span class='ocr_line' id='line_1_9' title="bbox 597 1966 2943 2071; baseline -0.001 -22"><span class='ocrx_word' id='word_1_67' title='bbox 597 1975 770 2071; x_wconf 82' lang='lat' dir='ltr'><strong>quia</strong></span> <span class='ocrx_word' id='word_1_68' title='bbox 804 1975 1007 2071; x_wconf 91' lang='lat' dir='ltr'><strong>prius</strong></span> <span class='ocrx_word' id='word_1_69' title='bbox 1041 1977 1328 2051; x_wconf 85' lang='lat' dir='ltr'><strong>iverant</strong></span> <span class='ocrx_word' id='word_1_70' title='bbox 1359 1974 1686 2070; x_wconf 84' lang='lat' dir='ltr'><strong>cooperti</strong></span> <span class='ocrx_word' id='word_1_71' title='bbox 1730 1975 1919 2049; x_wconf 83' lang='lat' dir='ltr'><strong>intra</strong></span> <span class='ocrx_word' id='word_1_72' title='bbox 1953 1966 2027 2066; x_wconf 78' lang='lat'><strong>(¹)</strong></span> <span class='ocrx_word' id='word_1_73' title='bbox 2070 1973 2266 2047; x_wconf 85' lang='lat' dir='ltr'><strong>illam</strong></span> <span class='ocrx_word' id='word_1_74' title='bbox 2314 1973 2529 2047; x_wconf 79' lang='lat' dir='ltr'><strong>viam.</strong></span> <span class='ocrx_word' id='word_1_75' title='bbox 2555 2013 2655 2026; x_wconf 92' lang='lat'>—</span> <span class='ocrx_word' id='word_1_76' title='bbox 2680 1977 2747 2046; x_wconf 90' lang='lat' dir='ltr'><em>E</em></span> <span class='ocrx_word' id='word_1_77' title='bbox 2776 1991 2943 2063; x_wconf 80' lang='lat' dir='ltr'><strong>que-</strong></span> 
     </span>
     <span class='ocr_line' id='line_1_10' title="bbox 593 2092 2943 2191; baseline -0.001 -21"><span class='ocrx_word' id='word_1_78' title='bbox 593 2099 716 2188; x_wconf 69' lang='lat' dir='ltr'><strong>qli.</strong></span> <span class='ocrx_word' id='word_1_79' title='bbox 767 2095 898 2171; x_wconf 89' lang='lat' dir='ltr'><strong>Hic</strong></span> <span class='ocrx_word' id='word_1_80' title='bbox 947 2102 1158 2190; x_wconf 82' lang='lat' dir='ltr'><strong>poeta</strong></span> <span class='ocrx_word' id='word_1_81' title='bbox 1215 2094 1419 2191; x_wconf 88' lang='lat' dir='ltr'><strong>ponit</strong></span> <span class='ocrx_word' id='word_1_82' title='bbox 1483 2095 2030 2191; x_wconf 85' lang='lat' dir='ltr'><strong>responsionem</strong></span> <span class='ocrx_word' id='word_1_83' title='bbox 2093 2092 2368 2190; x_wconf 86' lang='lat' dir='ltr'><strong>Virgilii</strong></span> <span class='ocrx_word' id='word_1_84' title='bbox 2429 2114 2603 2168; x_wconf 92' lang='lat' dir='ltr'><strong>cum</strong></span> <span class='ocrx_word' id='word_1_85' title='bbox 2666 2093 2943 2188; x_wconf 87' lang='lat' dir='ltr'><strong>optimo</strong></span> 
     </span>
     <span class='ocr_line' id='line_1_11' title="bbox 595 2212 2945 2307; baseline -0.002 -15"><span class='ocrx_word' id='word_1_86' title='bbox 595 2217 894 2292; x_wconf 88' lang='lat' dir='ltr'><strong>consilio</strong></span> <span class='ocrx_word' id='word_1_87' title='bbox 941 2216 1136 2292; x_wconf 81' lang='lat' dir='ltr'><strong>circa</strong></span> <span class='ocrx_word' id='word_1_88' title='bbox 1191 2217 1384 2290; x_wconf 81' lang='lat' dir='ltr'><strong>viam</strong></span> <span class='ocrx_word' id='word_1_89' title='bbox 1437 2237 1704 2291; x_wconf 83' lang='lat' dir='ltr'><strong>novam</strong></span> <span class='ocrx_word' id='word_1_90' title='bbox 1758 2215 2042 2291; x_wconf 89' lang='lat' dir='ltr'><strong>dicens:</strong></span> <span class='ocrx_word' id='word_1_91' title='bbox 2083 2237 2123 2287; x_wconf 81' lang='lat' dir='ltr'><strong>e</strong></span> <span class='ocrx_word' id='word_1_92' title='bbox 2161 2217 2391 2307; x_wconf 63' lang='lat' dir='ltr'><strong>quc-,qli</strong></span> <span class='ocrx_word' id='word_1_93' title='bbox 2420 2235 2471 2286; x_wconf 84' lang='lat' dir='ltr'><strong><em>a</em></strong></span> <span class='ocrx_word' id='word_1_94' title='bbox 2504 2235 2636 2305; x_wconf 84' lang='lat' dir='ltr'><strong>me,</strong></span> <span class='ocrx_word' id='word_1_95' title='bbox 2672 2212 2945 2288; x_wconf 80' lang='lat' dir='ltr'><strong>scilicet</strong></span> 
     </span>
     <span class='ocr_line' id='line_1_12' title="bbox 596 2332 2945 2434; baseline -0.003 -21"><span class='ocrx_word' id='word_1_96' title='bbox 596 2337 940 2434; x_wconf 81' lang='lat' dir='ltr'><strong>Virgilius</strong></span> <span class='ocrx_word' id='word_1_97' title='bbox 990 2338 1395 2433; x_wconf 89' lang='lat' dir='ltr'><strong>respondit:</strong></span> <span class='ocrx_word' id='word_1_98' title='bbox 1447 2358 1703 2410; x_wconf 78' lang='lat' dir='ltr'><strong>nessun</strong></span> <span class='ocrx_word' id='word_1_99' title='bbox 1751 2345 1867 2411; x_wconf 75' lang='lat' dir='ltr'><strong>tuo</strong></span> <span class='ocrx_word' id='word_1_100' title='bbox 1895 2359 2112 2430; x_wconf 78' lang='lat' dir='ltr'><strong>passo</strong></span> <span class='ocrx_word' id='word_1_101' title='bbox 2158 2339 2443 2428; x_wconf 72' lang='lat' dir='ltr'><strong>cayyia,</strong></span> <span class='ocrx_word' id='word_1_102' title='bbox 2479 2334 2683 2428; x_wconf 88' lang='lat' dir='ltr'><strong>idest,</strong></span> <span class='ocrx_word' id='word_1_103' title='bbox 2722 2332 2945 2409; x_wconf 90' lang='lat' dir='ltr'><strong>decli-</strong></span> 
     </span>
     <span class='ocr_line' id='line_1_13' title="bbox 595 2444 2939 2552; baseline -0.001 -22"><span class='ocrx_word' id='word_1_104' title='bbox 595 2464 722 2532; x_wconf 88' lang='lat' dir='ltr'><strong>net</strong></span> <span class='ocrx_word' id='word_1_105' title='bbox 755 2457 830 2530; x_wconf 89' lang='lat' dir='ltr'><strong>in</strong></span> <span class='ocrx_word' id='word_1_106' title='bbox 863 2457 1244 2532; x_wconf 78' lang='lat' dir='ltr'><strong>dexteram</strong></span> <span class='ocrx_word' id='word_1_107' title='bbox 1283 2458 1402 2533; x_wconf 86' lang='lat' dir='ltr'><strong>vel</strong></span> <span class='ocrx_word' id='word_1_108' title='bbox 1433 2457 1824 2551; x_wconf 86' lang='lat' dir='ltr'><strong>sinistram,</strong></span> <span class='ocrx_word' id='word_1_109' title='bbox 1853 2457 2024 2551; x_wconf 85' lang='lat' dir='ltr'><strong>quia</strong></span> <span class='ocrx_word' id='word_1_110' title='bbox 2061 2457 2159 2530; x_wconf 86' lang='lat' dir='ltr'><strong>ihi</strong></span> <span class='ocrx_word' id='word_1_111' title='bbox 2195 2478 2341 2531; x_wconf 90' lang='lat' dir='ltr'><strong>non</strong></span> <span class='ocrx_word' id='word_1_112' title='bbox 2368 2462 2530 2532; x_wconf 84' lang='lat' dir='ltr'><strong>erat</strong></span> <span class='ocrx_word' id='word_1_113' title='bbox 2554 2455 2837 2552; x_wconf 79' lang='lat' dir='ltr'><strong>signata</strong></span> <span class='ocrx_word' id='word_1_114' title='bbox 2861 2444 2939 2546; x_wconf 81' lang='lat'><strong>(²)</strong></span> 
     </span>
     <span class='ocr_line' id='line_1_14' title="bbox 597 2575 2946 2678; baseline -0.001 -28"><span class='ocrx_word' id='word_1_115' title='bbox 597 2577 715 2650; x_wconf 78' lang='lat' dir='ltr'><strong>via</strong></span> <span class='ocrx_word' id='word_1_116' title='bbox 763 2583 993 2670; x_wconf 83' lang='lat' dir='ltr'><strong>certa,</strong></span> <span class='ocrx_word' id='word_1_117' title='bbox 1043 2576 1206 2678; x_wconf 86' lang='lat' dir='ltr'><strong>ideo</strong></span> <span class='ocrx_word' id='word_1_118' title='bbox 1255 2598 1404 2652; x_wconf 89' lang='lat' dir='ltr'><strong>non</strong></span> <span class='ocrx_word' id='word_1_119' title='bbox 1457 2584 1617 2653; x_wconf 83' lang='lat' dir='ltr'><strong>erat</strong></span> <span class='ocrx_word' id='word_1_120' title='bbox 1669 2577 2160 2652; x_wconf 87' lang='lat' dir='ltr'><strong>recedendum</strong></span> <span class='ocrx_word' id='word_1_121' title='bbox 2215 2598 2261 2652; x_wconf 84' lang='lat' dir='ltr'><strong>a</strong></span> <span class='ocrx_word' id='word_1_122' title='bbox 2311 2577 2525 2671; x_wconf 90' lang='lat' dir='ltr'><strong>duce,</strong></span> <span class='ocrx_word' id='word_1_123' title='bbox 2562 2575 2687 2669; x_wconf 88' lang='lat' dir='ltr'><strong>qui</strong></span> <span class='ocrx_word' id='word_1_124' title='bbox 2736 2581 2946 2648; x_wconf 88' lang='lat' dir='ltr'><strong>tene-</strong></span> 
     </span>
     <span class='ocr_line' id='line_1_15' title="bbox 599 2697 2938 2791; baseline -0.003 -17"><span class='ocrx_word' id='word_1_125' title='bbox 599 2699 724 2774; x_wconf 84' lang='lat' dir='ltr'><strong>bat</strong></span> <span class='ocrx_word' id='word_1_126' title='bbox 785 2697 1112 2774; x_wconf 87' lang='lat' dir='ltr'><strong>medium</strong></span> <span class='ocrx_word' id='word_1_127' title='bbox 1183 2697 1518 2774; x_wconf 83' lang='lat' dir='ltr'><strong>rationis:</strong></span> <span class='ocrx_word' id='word_1_128' title='bbox 1595 2697 1790 2773; x_wconf 91' lang='lat' dir='ltr'><strong>unde</strong></span> <span class='ocrx_word' id='word_1_129' title='bbox 1837 2699 2052 2773; x_wconf 86' lang='lat' dir='ltr'><strong>dicit:</strong></span> <span class='ocrx_word' id='word_1_130' title='bbox 2111 2719 2262 2791; x_wconf 80' lang='lat' dir='ltr'><strong>pur</strong></span> <span class='ocrx_word' id='word_1_131' title='bbox 2325 2719 2489 2770; x_wconf 80' lang='lat' dir='ltr'><strong>suso</strong></span> <span class='ocrx_word' id='word_1_132' title='bbox 2558 2698 2636 2769; x_wconf 86' lang='lat' dir='ltr'><strong>al</strong></span> <span class='ocrx_word' id='word_1_133' title='bbox 2682 2701 2938 2785; x_wconf 79' lang='lat' dir='ltr'><strong>monte,</strong></span> 
     </span>
     <span class='ocr_line' id='line_1_16' title="bbox 599 2815 2937 2914; baseline -0.003 -18"><span class='ocrx_word' id='word_1_134' title='bbox 599 2819 904 2896; x_wconf 84' lang='lat' dir='ltr'><strong>tendens</strong></span> <span class='ocrx_word' id='word_1_135' title='bbox 953 2818 1028 2893; x_wconf 88' lang='lat' dir='ltr'><strong>in</strong></span> <span class='ocrx_word' id='word_1_136' title='bbox 1089 2819 1240 2893; x_wconf 83' lang='lat' dir='ltr'><strong>altu</strong></span> <span class='ocrx_word' id='word_1_137' title='bbox 1251 2839 1348 2914; x_wconf 92' lang='lat' dir='ltr'><strong>m,</strong></span> <span class='ocrx_word' id='word_1_138' title='bbox 1398 2821 1622 2893; x_wconf 74' lang='lat' dir='ltr'><strong>dicero</strong></span> <span class='ocrx_word' id='word_1_139' title='bbox 1667 2840 1716 2891; x_wconf 88' lang='lat' dir='ltr'><em>a</em></span> <span class='ocrx_word' id='word_1_140' title='bbox 1749 2840 1856 2892; x_wconf 86' lang='lat' dir='ltr'><strong>me</strong></span> <span class='ocrx_word' id='word_1_141' title='bbox 1887 2821 2228 2912; x_wconf 80' lang='lat' dir='ltr'><strong>acquista,</strong></span> <span class='ocrx_word' id='word_1_142' title='bbox 2262 2837 2579 2912; x_wconf 89' lang='lat' dir='ltr'><strong>sequens</strong></span> <span class='ocrx_word' id='word_1_143' title='bbox 2632 2815 2937 2912; x_wconf 80' lang='lat' dir='ltr'><strong>vestigia</strong></span> 
     </span>
     <span class='ocr_line' id='line_1_17' title="bbox 602 2935 2941 3032; baseline -0.003 -18"><span class='ocrx_word' id='word_1_144' title='bbox 602 2961 792 3032; x_wconf 81' lang='lat' dir='ltr'><strong>mea,</strong></span> <span class='ocrx_word' id='word_1_145' title='bbox 835 2935 1066 3032; x_wconf 69' lang='lat' dir='ltr'><strong>lincke*</strong></span> <span class='ocrx_word' id='word_1_146' title='bbox 1125 2941 1196 3012; x_wconf 78' lang='grc' dir='ltr'><strong>η’</strong></span> <span class='ocrx_word' id='word_1_147' title='bbox 1223 2943 1486 3032; x_wconf 79' lang='lat' dir='ltr'><strong>appaia</strong></span> <span class='ocrx_word' id='word_1_148' title='bbox 1547 2942 1806 3012; x_wconf 82' lang='lat' dir='ltr'><strong>alcuna</strong></span> <span class='ocrx_word' id='word_1_149' title='bbox 1869 2946 2106 3012; x_wconf 75' lang='lat' dir='ltr'><strong>scorta</strong></span> <span class='ocrx_word' id='word_1_150' title='bbox 2159 2941 2442 3030; x_wconf 72' lang='lat' dir='ltr'><strong>sayyia,</strong></span> <span class='ocrx_word' id='word_1_151' title='bbox 2494 2936 2701 3029; x_wconf 90' lang='lat' dir='ltr'><strong>idest,</strong></span> <span class='ocrx_word' id='word_1_152' title='bbox 2768 2954 2941 3028; x_wconf 84' lang='lat' dir='ltr'><strong>quae</strong></span> 
     </span>
     <span class='ocr_line' id='line_1_18' title="bbox 599 3056 2941 3156; baseline -0.003 -20"><span class='ocrx_word' id='word_1_153' title='bbox 599 3061 777 3136; x_wconf 83' lang='lat' dir='ltr'><strong>sciat</strong></span> <span class='ocrx_word' id='word_1_154' title='bbox 825 3061 1095 3134; x_wconf 89' lang='lat' dir='ltr'><strong>docere</strong></span> <span class='ocrx_word' id='word_1_155' title='bbox 1145 3081 1278 3136; x_wconf 88' lang='lat' dir='ltr'><strong>nos</strong></span> <span class='ocrx_word' id='word_1_156' title='bbox 1331 3060 1550 3153; x_wconf 84' lang='lat' dir='ltr'><strong>viam,</strong></span> <span class='ocrx_word' id='word_1_157' title='bbox 1591 3060 1780 3135; x_wconf 90' lang='lat' dir='ltr'><strong>sicut</strong></span> <span class='ocrx_word' id='word_1_158' title='bbox 1824 3061 2044 3156; x_wconf 80' lang='lat' dir='ltr'><strong>paulo</strong></span> <span class='ocrx_word' id='word_1_159' title='bbox 2093 3065 2265 3134; x_wconf 84' lang='lat' dir='ltr'><strong>ante</strong></span> <span class='ocrx_word' id='word_1_160' title='bbox 2316 3058 2484 3134; x_wconf 80' lang='lat' dir='ltr'><strong>fecit</strong></span> <span class='ocrx_word' id='word_1_161' title='bbox 2530 3057 2671 3132; x_wconf 83' lang='lat' dir='ltr'><strong>alia</strong></span> <span class='ocrx_word' id='word_1_162' title='bbox 2724 3056 2941 3132; x_wconf 84' lang='lat' dir='ltr'><strong>turba</strong></span> 
     </span>
     <span class='ocr_line' id='line_1_19' title="bbox 597 3177 2948 3276; baseline -0.002 -20"><span class='ocrx_word' id='word_1_163' title='bbox 597 3181 1038 3256; x_wconf 83' lang='lat' dir='ltr'><strong>animarum.</strong></span> <span class='ocrx_word' id='word_1_164' title='bbox 1093 3181 1182 3254; x_wconf 90' lang='lat' dir='ltr'><strong>Et</strong></span> <span class='ocrx_word' id='word_1_165' title='bbox 1231 3180 1573 3255; x_wconf 86' lang='lat' dir='ltr'><strong>describit</strong></span> <span class='ocrx_word' id='word_1_166' title='bbox 1620 3188 1834 3276; x_wconf 79' lang='lat' dir='ltr'><strong>poeta</strong></span> <span class='ocrx_word' id='word_1_167' title='bbox 1869 3179 2323 3255; x_wconf 84' lang='lat' dir='ltr'><strong>altitudinem</strong></span> <span class='ocrx_word' id='word_1_168' title='bbox 2379 3177 2668 3271; x_wconf 89' lang='lat' dir='ltr'><strong>montis,</strong></span> <span class='ocrx_word' id='word_1_169' title='bbox 2706 3183 2782 3252; x_wconf 91' lang='lat' dir='ltr'><strong>et</strong></span> <span class='ocrx_word' id='word_1_170' title='bbox 2823 3195 2948 3252; x_wconf 88' lang='lat' dir='ltr'><strong>re-</strong></span> 
     </span>
     <span class='ocr_line' id='line_1_20' title="bbox 595 3297 2947 3396; baseline -0.003 -20"><span class='ocrx_word' id='word_1_171' title='bbox 595 3301 1022 3376; x_wconf 87' lang='lat' dir='ltr'><strong>ctitudinem</strong></span> <span class='ocrx_word' id='word_1_172' title='bbox 1073 3300 1212 3376; x_wconf 83' lang='lat' dir='ltr'><strong>viae</strong></span> <span class='ocrx_word' id='word_1_173' title='bbox 1269 3321 1402 3396; x_wconf 90' lang='lat' dir='ltr'><strong>per</strong></span> <span class='ocrx_word' id='word_1_174' title='bbox 1465 3321 1692 3375; x_wconf 84' lang='lat' dir='ltr'><strong>unam</strong></span> <span class='ocrx_word' id='word_1_175' title='bbox 1755 3300 2071 3375; x_wconf 89' lang='lat' dir='ltr'><strong>nobilem</strong></span> <span class='ocrx_word' id='word_1_176' title='bbox 2126 3297 2779 3393; x_wconf 80' lang='lat' dir='ltr'><strong>comparationem,</strong></span> <span class='ocrx_word' id='word_1_177' title='bbox 2834 3297 2947 3370; x_wconf 90' lang='lat' dir='ltr'><strong>di-</strong></span> 
     </span>
     <span class='ocr_line' id='line_1_21' title="bbox 593 3419 2945 3515; baseline -0.002 -18"><span class='ocrx_word' id='word_1_178' title='bbox 593 3442 816 3497; x_wconf 89' lang='lat' dir='ltr'><strong>cens:</strong></span> <span class='ocrx_word' id='word_1_179' title='bbox 885 3426 955 3496; x_wconf 84' lang='lat' dir='ltr'><strong>lo</strong></span> <span class='ocrx_word' id='word_1_180' title='bbox 1013 3444 1282 3496; x_wconf 85' lang='lat' dir='ltr'><strong>sommo</strong></span> <span class='ocrx_word' id='word_1_181' title='bbox 1344 3444 1474 3497; x_wconf 81' lang='lat' dir='ltr'><strong>era</strong></span> <span class='ocrx_word' id='word_1_182' title='bbox 1538 3426 1707 3514; x_wconf 78' lang='lat' dir='ltr'><strong>alte,</strong></span> <span class='ocrx_word' id='word_1_183' title='bbox 1761 3421 1965 3515; x_wconf 91' lang='lat' dir='ltr'><strong>idest,</strong></span> <span class='ocrx_word' id='word_1_184' title='bbox 2029 3440 2390 3495; x_wconf 83' lang='lat' dir='ltr'><strong>cacumen</strong></span> <span class='ocrx_word' id='word_1_185' title='bbox 2452 3419 2721 3494; x_wconf 89' lang='lat' dir='ltr'><strong>montis</strong></span> <span class='ocrx_word' id='word_1_186' title='bbox 2782 3424 2945 3495; x_wconf 79' lang='lat' dir='ltr'><strong>erat</strong></span> 
     </span>
     <span class='ocr_line' id='line_1_22' title="bbox 591 3540 2947 3639; baseline -0.002 -20"><span class='ocrx_word' id='word_1_187' title='bbox 591 3543 855 3638; x_wconf 85' lang='lat' dir='ltr'><strong>altum,</strong></span> <span class='ocrx_word' id='word_1_188' title='bbox 905 3550 980 3617; x_wconf 88' lang='lat' dir='ltr'><strong>et</strong></span> <span class='ocrx_word' id='word_1_189' title='bbox 1039 3550 1193 3619; x_wconf 88' lang='lat' dir='ltr'><strong>tam</strong></span> <span class='ocrx_word' id='word_1_190' title='bbox 1255 3544 1518 3639; x_wconf 83' lang='lat' dir='ltr'><strong>altum,</strong></span> <span class='ocrx_word' id='word_1_191' title='bbox 1569 3546 1689 3617; x_wconf 75' lang='lat' dir='ltr'><strong>che</strong></span> <span class='ocrx_word' id='word_1_192' title='bbox 1740 3546 1981 3615; x_wconf 77' lang='lat' dir='ltr'><strong>vincea</strong></span> <span class='ocrx_word' id='word_1_193' title='bbox 2045 3545 2117 3616; x_wconf 81' lang='lat' dir='ltr'><strong>la</strong></span> <span class='ocrx_word' id='word_1_194' title='bbox 2180 3546 2385 3632; x_wconf 79' lang='lat' dir='ltr'><strong>vista,</strong></span> <span class='ocrx_word' id='word_1_195' title='bbox 2444 3540 2617 3636; x_wconf 83' lang='lat' dir='ltr'><strong>quia</strong></span> <span class='ocrx_word' id='word_1_196' title='bbox 2682 3541 2947 3615; x_wconf 86' lang='lat' dir='ltr'><strong>oculus</strong></span> 
     </span>
     <span class='ocr_line' id='line_1_23' title="bbox 594 3654 2947 3762; baseline -0.001 -24"><span class='ocrx_word' id='word_1_197' title='bbox 594 3664 966 3739; x_wconf 82' lang='lat' dir='ltr'><strong>humanus</strong></span> <span class='ocrx_word' id='word_1_198' title='bbox 1000 3686 1148 3739; x_wconf 88' lang='lat' dir='ltr'><strong>non</strong></span> <span class='ocrx_word' id='word_1_199' title='bbox 1175 3670 1410 3760; x_wconf 91' lang='lat' dir='ltr'><strong>potest</strong></span> <span class='ocrx_word' id='word_1_200' title='bbox 1429 3654 1502 3757; x_wconf 74' lang='lat'><strong>(³)</strong></span> <span class='ocrx_word' id='word_1_201' title='bbox 1534 3664 1898 3762; x_wconf 83' lang='lat' dir='ltr'><strong>attingere</strong></span> <span class='ocrx_word' id='word_1_202' title='bbox 1931 3661 2433 3737; x_wconf 78' lang='lat' dir='ltr'><strong>summitatem</strong></span> <span class='ocrx_word' id='word_1_203' title='bbox 2474 3661 2695 3735; x_wconf 89' lang='lat' dir='ltr'><strong>huius</strong></span> <span class='ocrx_word' id='word_1_204' title='bbox 2730 3682 2947 3735; x_wconf 89' lang='lat' dir='ltr'><strong>mon-</strong></span> 
     </span>
     <span class='ocr_line' id='line_1_24' title="bbox 595 3782 2947 3881; baseline 0 -24"><span class='ocrx_word' id='word_1_205' title='bbox 595 3783 686 3857; x_wconf 90' lang='lat' dir='ltr'><strong>tis</strong></span> <span class='ocrx_word' id='word_1_206' title='bbox 737 3784 864 3878; x_wconf 89' lang='lat' dir='ltr'><strong>qui</strong></span> <span class='ocrx_word' id='word_1_207' title='bbox 913 3784 1202 3881; x_wconf 81' lang='lat' dir='ltr'><strong>attingit</strong></span> <span class='ocrx_word' id='word_1_208' title='bbox 1251 3785 1550 3877; x_wconf 65' lang='lat' dir='ltr'><strong>coelun),</strong></span> <span class='ocrx_word' id='word_1_209' title='bbox 1606 3792 1690 3858; x_wconf 92' lang='lat' dir='ltr'><strong>ut</strong></span> <span class='ocrx_word' id='word_1_210' title='bbox 1746 3803 1940 3878; x_wconf 83' lang='lat' dir='ltr'><strong>saepe</strong></span> <span class='ocrx_word' id='word_1_211' title='bbox 1981 3782 2140 3878; x_wconf 82' lang='lat' dir='ltr'><strong>jam</strong></span> <span class='ocrx_word' id='word_1_212' title='bbox 2191 3782 2469 3856; x_wconf 91' lang='lat' dir='ltr'><strong>dictum</strong></span> <span class='ocrx_word' id='word_1_213' title='bbox 2524 3789 2635 3855; x_wconf 88' lang='lat' dir='ltr'><strong>est</strong></span> <span class='ocrx_word' id='word_1_214' title='bbox 2684 3789 2759 3855; x_wconf 92' lang='lat' dir='ltr'><strong>et</strong></span> <span class='ocrx_word' id='word_1_215' title='bbox 2808 3801 2947 3857; x_wconf 85' lang='lat' dir='ltr'><strong>sae-</strong></span> 
     </span>
     <span class='ocr_line' id='line_1_25' title="bbox 593 3899 2943 3998; baseline -0 -21"><span class='ocrx_word' id='word_1_216' title='bbox 593 3904 760 3998; x_wconf 91' lang='lat' dir='ltr'><strong>pius</strong></span> <span class='ocrx_word' id='word_1_217' title='bbox 809 3903 1118 3998; x_wconf 90' lang='lat' dir='ltr'><strong>dicetur,</strong></span> <span class='ocrx_word' id='word_1_218' title='bbox 1169 3925 1208 3978; x_wconf 82' lang='lat' dir='ltr'><strong>e</strong></span> <span class='ocrx_word' id='word_1_219' title='bbox 1268 3908 1344 3978; x_wconf 82' lang='lat' dir='ltr'><strong>la</strong></span> <span class='ocrx_word' id='word_1_220' title='bbox 1403 3913 1622 3994; x_wconf 77' lang='lat' dir='ltr'><strong>cosla,</strong></span> <span class='ocrx_word' id='word_1_221' title='bbox 1675 3904 1879 3997; x_wconf 90' lang='lat' dir='ltr'><strong>idest,</strong></span> <span class='ocrx_word' id='word_1_222' title='bbox 1935 3900 2407 3976; x_wconf 84' lang='lat' dir='ltr'><strong>tumorositas</strong></span> <span class='ocrx_word' id='word_1_223' title='bbox 2474 3911 2548 3978; x_wconf 92' lang='lat' dir='ltr'><strong>et</strong></span> <span class='ocrx_word' id='word_1_224' title='bbox 2616 3899 2943 3996; x_wconf 81' lang='lat' dir='ltr'><strong>repentia</strong></span> 
     </span>
     <span class='ocr_line' id='line_1_26' title="bbox 594 4020 2945 4119; baseline -0.001 -20"><span class='ocrx_word' id='word_1_225' title='bbox 594 4024 890 4119; x_wconf 89' lang='lat' dir='ltr'><strong>montis,</strong></span> <span class='ocrx_word' id='word_1_226' title='bbox 961 4030 1158 4099; x_wconf 70' lang='lat' dir='ltr'><strong>assai</strong></span> <span class='ocrx_word' id='word_1_227' title='bbox 1207 4021 1331 4119; x_wconf 66' lang='lat' dir='ltr'><strong>piei</strong></span> <span class='ocrx_word' id='word_1_228' title='bbox 1391 4026 1719 4118; x_wconf 78' lang='lat' dir='ltr'><strong>superba,</strong></span> <span class='ocrx_word' id='word_1_229' title='bbox 1786 4024 1990 4118; x_wconf 86' lang='lat' dir='ltr'><strong>idest,</strong></span> <span class='ocrx_word' id='word_1_230' title='bbox 2059 4022 2293 4098; x_wconf 88' lang='lat' dir='ltr'><strong>multo</strong></span> <span class='ocrx_word' id='word_1_231' title='bbox 2357 4022 2519 4118; x_wconf 90' lang='lat' dir='ltr'><strong>plus</strong></span> <span class='ocrx_word' id='word_1_232' title='bbox 2580 4020 2811 4119; x_wconf 83' lang='lat' dir='ltr'><strong>rigida</strong></span> <span class='ocrx_word' id='word_1_233' title='bbox 2870 4026 2945 4096; x_wconf 84' lang='lat' dir='ltr'><strong>et</strong></span> 
     </span>
     <span class='ocr_line' id='line_1_27' title="bbox 597 4144 2945 4241; baseline -0.003 -22"><span class='ocrx_word' id='word_1_234' title='bbox 597 4152 826 4238; x_wconf 77' lang='lat' dir='ltr'><strong>recta,</strong></span> <span class='ocrx_word' id='word_1_235' title='bbox 877 4146 996 4219; x_wconf 72' lang='lat' dir='ltr'><strong>che</strong></span> <span class='ocrx_word' id='word_1_236' title='bbox 1044 4148 1229 4236; x_wconf 66' lang='lat' dir='ltr'><strong>lisia,</strong></span> <span class='ocrx_word' id='word_1_237' title='bbox 1281 4144 1484 4241; x_wconf 88' lang='lat' dir='ltr'><strong>idest,</strong></span> <span class='ocrx_word' id='word_1_238' title='bbox 1538 4145 1752 4237; x_wconf 82' lang='lat' dir='ltr'><strong>linea,</strong></span> <span class='ocrx_word' id='word_1_239' title='bbox 1792 4147 1890 4217; x_wconf 87' lang='lat' dir='ltr'><strong>da</strong></span> <span class='ocrx_word' id='word_1_240' title='bbox 1939 4164 2182 4216; x_wconf 82' lang='lat' dir='ltr'><strong>mezzo</strong></span> <span class='ocrx_word' id='word_1_241' title='bbox 2234 4145 2631 4235; x_wconf 78' lang='lat' dir='ltr'><strong>quadrante</strong></span> <span class='ocrx_word' id='word_1_242' title='bbox 2681 4163 2729 4213; x_wconf 89' lang='lat' dir='ltr'><em>a</em></span> <span class='ocrx_word' id='word_1_243' title='bbox 2778 4161 2945 4214; x_wconf 80' lang='lat' dir='ltr'><strong>cen-</strong></span> 
     </span>
     <span class='ocr_line' id='line_1_28' title="bbox 594 4260 2947 4362; baseline -0.003 -21"><span class='ocrx_word' id='word_1_244' title='bbox 594 4274 730 4341; x_wconf 79' lang='lat' dir='ltr'><strong>tro.</strong></span> <span class='ocrx_word' id='word_1_245' title='bbox 803 4266 892 4339; x_wconf 89' lang='lat' dir='ltr'><strong>Et</strong></span> <span class='ocrx_word' id='word_1_246' title='bbox 957 4285 1106 4340; x_wconf 89' lang='lat' dir='ltr'><strong>non</strong></span> <span class='ocrx_word' id='word_1_247' title='bbox 1169 4264 1548 4362; x_wconf 80' lang='lat' dir='ltr'><strong>intelligaS,</strong></span> <span class='ocrx_word' id='word_1_248' title='bbox 1611 4266 1866 4358; x_wconf 87' lang='lat' dir='ltr'><strong>lector,</strong></span> <span class='ocrx_word' id='word_1_249' title='bbox 1930 4265 2120 4339; x_wconf 89' lang='lat' dir='ltr'><strong>sicut</strong></span> <span class='ocrx_word' id='word_1_250' title='bbox 2187 4263 2401 4337; x_wconf 90' lang='lat' dir='ltr'><strong>multi</strong></span> <span class='ocrx_word' id='word_1_251' title='bbox 2470 4263 2665 4337; x_wconf 81' lang='lat' dir='ltr'><strong>male</strong></span> <span class='ocrx_word' id='word_1_252' title='bbox 2734 4260 2947 4335; x_wconf 87' lang='lat' dir='ltr'><strong>intel-</strong></span> 
     </span>
     <span class='ocr_line' id='line_1_29' title="bbox 593 4382 2949 4483; baseline -0.002 -21"><span class='ocrx_word' id='word_1_253' title='bbox 593 4388 832 4483; x_wconf 85' lang='lat' dir='ltr'><strong>ligunt</strong></span> <span class='ocrx_word' id='word_1_254' title='bbox 900 4386 1036 4481; x_wconf 86' lang='lat' dir='ltr'><strong>hic,</strong></span> <span class='ocrx_word' id='word_1_255' title='bbox 1105 4386 1306 4481; x_wconf 87' lang='lat' dir='ltr'><strong>quod</strong></span> <span class='ocrx_word' id='word_1_256' title='bbox 1355 4385 1490 4461; x_wconf 83' lang='lat' dir='ltr'><strong>ista</strong></span> <span class='ocrx_word' id='word_1_257' title='bbox 1557 4390 1758 4461; x_wconf 85' lang='lat' dir='ltr'><strong>costa</strong></span> <span class='ocrx_word' id='word_1_258' title='bbox 1827 4391 2017 4461; x_wconf 88' lang='lat' dir='ltr'><strong>esset</strong></span> <span class='ocrx_word' id='word_1_259' title='bbox 2085 4386 2184 4460; x_wconf 81' lang='lat' dir='ltr'><strong>ita</strong></span> <span class='ocrx_word' id='word_1_260' title='bbox 2254 4391 2479 4479; x_wconf 79' lang='lat' dir='ltr'><strong>recta,</strong></span> <span class='ocrx_word' id='word_1_261' title='bbox 2548 4382 2737 4458; x_wconf 90' lang='lat' dir='ltr'><strong>sicut</strong></span> <span class='ocrx_word' id='word_1_262' title='bbox 2796 4400 2949 4457; x_wconf 80' lang='lat' dir='ltr'><strong>una</strong></span> 
     </span>
     <span class='ocr_line' id='line_1_30' title="bbox 595 4503 2951 4605; baseline -0.003 -22"><span class='ocrx_word' id='word_1_263' title='bbox 595 4508 786 4583; x_wconf 84' lang='lat' dir='ltr'><strong>linea</strong></span> <span class='ocrx_word' id='word_1_264' title='bbox 848 4510 1088 4605; x_wconf 83' lang='lat' dir='ltr'><strong>longa,</strong></span> <span class='ocrx_word' id='word_1_265' title='bbox 1155 4528 1324 4603; x_wconf 87' lang='lat' dir='ltr'><strong>quae</strong></span> <span class='ocrx_word' id='word_1_266' title='bbox 1385 4507 1674 4601; x_wconf 89' lang='lat' dir='ltr'><strong>respicit</strong></span> <span class='ocrx_word' id='word_1_267' title='bbox 1731 4512 2056 4601; x_wconf 88' lang='lat' dir='ltr'><strong>sursum,</strong></span> <span class='ocrx_word' id='word_1_268' title='bbox 2116 4506 2291 4602; x_wconf 85' lang='lat' dir='ltr'><strong>quia</strong></span> <span class='ocrx_word' id='word_1_269' title='bbox 2354 4506 2409 4579; x_wconf 94' lang='lat' dir='ltr'><strong>si</strong></span> <span class='ocrx_word' id='word_1_270' title='bbox 2476 4505 2629 4601; x_wconf 83' lang='lat' dir='ltr'><strong>ripa</strong></span> <span class='ocrx_word' id='word_1_271' title='bbox 2694 4503 2951 4579; x_wconf 83' lang='lat' dir='ltr'><strong>fuisset</strong></span> 
     </span>
     <span class='ocr_line' id='line_1_31' title="bbox 593 4626 2947 4722; baseline -0.002 -19"><span class='ocrx_word' id='word_1_272' title='bbox 593 4629 684 4703; x_wconf 84' lang='lat' dir='ltr'><strong>ad</strong></span> <span class='ocrx_word' id='word_1_273' title='bbox 747 4627 1051 4703; x_wconf 90' lang='lat' dir='ltr'><strong>modum</strong></span> <span class='ocrx_word' id='word_1_274' title='bbox 1117 4628 1336 4722; x_wconf 88' lang='lat' dir='ltr'><strong>muri,</strong></span> <span class='ocrx_word' id='word_1_275' title='bbox 1399 4650 1780 4722; x_wconf 83' lang='lat' dir='ltr'><strong>nunquam</strong></span> <span class='ocrx_word' id='word_1_276' title='bbox 1841 4628 2111 4702; x_wconf 85' lang='lat' dir='ltr'><strong>Dantes</strong></span> <span class='ocrx_word' id='word_1_277' title='bbox 2185 4626 2538 4722; x_wconf 85' lang='lat' dir='ltr'><strong>potuisset</strong></span> <span class='ocrx_word' id='word_1_278' title='bbox 2596 4626 2706 4701; x_wconf 90' lang='lat' dir='ltr'><strong>ire</strong></span> <span class='ocrx_word' id='word_1_279' title='bbox 2772 4646 2947 4701; x_wconf 90' lang='lat' dir='ltr'><strong>cum</strong></span> 
     </span>
     <span class='ocr_line' id='line_1_32' title="bbox 599 4746 2947 4845; baseline -0 -21"><span class='ocrx_word' id='word_1_280' title='bbox 599 4750 906 4845; x_wconf 88' lang='lat' dir='ltr'><strong>pedibus</strong></span> <span class='ocrx_word' id='word_1_281' title='bbox 967 4750 1158 4823; x_wconf 87' lang='lat' dir='ltr'><strong>suis:</strong></span> <span class='ocrx_word' id='word_1_282' title='bbox 1229 4748 1426 4824; x_wconf 86' lang='lat' dir='ltr'><strong>unde</strong></span> <span class='ocrx_word' id='word_1_283' title='bbox 1490 4749 1749 4845; x_wconf 81' lang='lat' dir='ltr'><strong>vidisti,</strong></span> <span class='ocrx_word' id='word_1_284' title='bbox 1811 4748 2010 4845; x_wconf 91' lang='lat' dir='ltr'><strong>quod</strong></span> <span class='ocrx_word' id='word_1_285' title='bbox 2049 4748 2209 4845; x_wconf 81' lang='lat' dir='ltr'><strong>jam</strong></span> <span class='ocrx_word' id='word_1_286' title='bbox 2274 4747 2538 4823; x_wconf 86' lang='lat' dir='ltr'><strong>totiens</strong></span> <span class='ocrx_word' id='word_1_287' title='bbox 2601 4746 2947 4844; x_wconf 84' lang='lat' dir='ltr'><strong>Virgilius</strong></span> 
     </span>
     <span class='ocr_line' id='line_1_33' title="bbox 597 4867 2945 4966; baseline -0.002 -21"><span class='ocrx_word' id='word_1_288' title='bbox 597 4872 914 4965; x_wconf 86' lang='lat' dir='ltr'><strong>portavit</strong></span> <span class='ocrx_word' id='word_1_289' title='bbox 965 4870 1202 4966; x_wconf 89' lang='lat' dir='ltr'><strong>ipsum</strong></span> <span class='ocrx_word' id='word_1_290' title='bbox 1257 4870 1330 4943; x_wconf 88' lang='lat' dir='ltr'><strong>in</strong></span> <span class='ocrx_word' id='word_1_291' title='bbox 1366 4870 1673 4965; x_wconf 78' lang='lat' dir='ltr'><strong>inferno,</strong></span> <span class='ocrx_word' id='word_1_292' title='bbox 1709 4871 2006 4965; x_wconf 83' lang='lat' dir='ltr'><strong>quando</strong></span> <span class='ocrx_word' id='word_1_293' title='bbox 2049 4870 2494 4945; x_wconf 90' lang='lat' dir='ltr'><strong>invenerunt</strong></span> <span class='ocrx_word' id='word_1_294' title='bbox 2526 4867 2709 4943; x_wconf 84' lang='lat' dir='ltr'><strong>tales</strong></span> <span class='ocrx_word' id='word_1_295' title='bbox 2750 4867 2945 4963; x_wconf 82' lang='lat' dir='ltr'><strong>vias3</strong></span> 
     </span>
    </p>
   </div>
   <div class='ocr_carea' id='block_1_6' title="bbox 723 5132 2841 5199">
    <p class='ocr_par' dir='ltr' id='par_1_6' title="bbox 723 5132 2841 5199">
     <span class='ocr_line' id='line_1_34' title="bbox 723 5132 2841 5199; baseline -0 -16"><span class='ocrx_word' id='word_1_296' title='bbox 723 5132 778 5195; x_wconf 82' lang='lat'><strong>(¹)</strong></span> <span class='ocrx_word' id='word_1_297' title='bbox 811 5132 862 5183; x_wconf 90' lang='lat' dir='ltr'><strong>S.</strong></span> <span class='ocrx_word' id='word_1_298' title='bbox 895 5134 948 5183; x_wconf 87' lang='lat' dir='ltr'><strong>in</strong></span> <span class='ocrx_word' id='word_1_299' title='bbox 980 5134 1124 5185; x_wconf 72' lang='lat' dir='ltr'><strong>illum</strong></span> <span class='ocrx_word' id='word_1_300' title='bbox 1156 5134 1310 5186; x_wconf 71' lang='lat' dir='ltr'><strong>vium.</strong></span> <span class='ocrx_word' id='word_1_301' title='bbox 1561 5132 1616 5198; x_wconf 83' lang='lat'><strong>(¹)</strong></span> <span class='ocrx_word' id='word_1_302' title='bbox 1649 5136 1700 5185; x_wconf 78' lang='lat' dir='ltr'><strong>S.</strong></span> <span class='ocrx_word' id='word_1_303' title='bbox 1737 5138 2002 5199; x_wconf 73' lang='lat' dir='ltr'><strong>assignata.</strong></span> <span class='ocrx_word' id='word_1_304' title='bbox 2253 5134 2309 5196; x_wconf 74' lang='lat'><strong>(⁸1</strong></span> <span class='ocrx_word' id='word_1_305' title='bbox 2342 5140 2451 5194; x_wconf 83' lang='grc'><strong>117,</strong></span> <span class='ocrx_word' id='word_1_306' title='bbox 2484 5146 2587 5184; x_wconf 85' lang='lat' dir='ltr'><strong>non</strong></span> <span class='ocrx_word' id='word_1_307' title='bbox 2622 5135 2841 5196; x_wconf 73' lang='lat' dir='ltr'><strong>poterat.</strong></span> 
     </span>
    </p>
   </div>
   <div class='ocr_carea' id='block_1_7' title="bbox 4347 6030 4352 6633">
    <p class='ocr_par' dir='ltr' id='par_1_7' title="bbox 4347 6030 4352 6633">
     <span class='ocr_line' id='line_1_35' title="bbox 4347 6030 4352 6633; baseline 0 0"><span class='ocrx_word' id='word_1_308' title='bbox 4347 6030 4352 6633; x_wconf 95' lang='lat' dir='ltr'><strong> </strong></span> 
     </span>
    </p>
   </div>
  </div>
 </body>
</html>
