4392 6850
1431 1008 1708 1064 camus
1758 1009 2084 1064 Tannus.
2797 1001 2935 1070 105

587 1150 778 1226 forte
810 1151 1264 1228 contrarium
1293 1151 1664 1248 credatur,
1697 1154 1872 1249 quia
1909 1161 2251 1230 mortuus
2289 1177 2457 1232 sum
2492 1177 2933 1232 excommu-

587 1263 872 1348 nicatus
923 1273 996 1347 in
1045 1272 1538 1370 indignatione
1569 1273 1916 1350 ecclesiae.
1952 1275 2041 1348 Et
2073 1275 2395 1372 assignat
2434 1296 2735 1354 causam
2774 1296 2933 1356 suae

585 1395 1024 1490 salvationiS,
1083 1393 1377 1469 dicens:
1417 1397 1668 1488 poscia
1729 1397 1832 1470 clt’
1849 1397 1920 1468 io
1983 1397 2133 1470 ebbi
2197 1388 2391 1470 rocta
2452 1399 2528 1471 la
2584 1418 2931 1490 persona,

587 1513 773 1590 idest
821 1536 1086 1611 corpus
1137 1515 1524 1590 vulneram
1537 1535 1634 1610 m,
1685 1519 1761 1590 di
1807 1520 1942 1591 due
1989 1520 2170 1610 cohpi
2218 1520 2527 1611 mortali,
2570 1519 2805 1594 altero
2859 1518 2933 1594 in

589 1634 795 1729 facie,
847 1637 1081 1712 altero
1132 1636 1205 1710 in
1257 1644 1578 1732 pectore,
1631 1645 1712 1712 ut
1751 1639 1912 1734 jam
1963 1638 2239 1714 dictum
2292 1644 2425 1734 est,
2459 1643 2529 1712 io
2565 1643 2662 1713 mi
2690 1643 2937 1716 render·

581 1757 1012 1850 ρίαηρεηάο,
1047 1777 1136 1832 ex
1183 1756 1617 1833 contritione
1667 1757 1926 1851 cordiS,
1961 1779 2012 1830 a
2042 1761 2201 1852 quei
2246 1761 2365 1832 che
2400 1761 2729 1833 volentior
2757 1781 2931 1853 per-

589 1877 810 1966 dona,
869 1874 1160 1971 scilicet,
1223 1876 1376 1952 Deo
1439 1877 2029 1972 clementissimo,
2093 1878 2309 1952 cuius
2368 1885 2481 1954 est
2544 1879 2929 1975 proprium

593 1995 927 2071 misereri
979 2003 1054 2071 et
1101 2017 1391 2092 semper
1443 2017 1771 2092 parcere.
1799 2037 1900 2054 -
1935 1998 2219 2072 Orm'bil.
2271 1999 2482 2074 Nunc
2515 1997 2933 2078 Mansredus

591 2116 690 2190 ad
740 2115 1366 2192 confirmationem
1409 2116 1577 2192 dicti
1611 2117 1749 2212 sui,
1785 2117 2177 2192 confitetur
2212 2117 2285 2192 in
2318 2137 2595 2214 genere
2633 2124 2933 2214 peccata
3044 2198 3051 2208 ,

589 2257 752 2332 sua,
809 2243 890 2309 ut
921 2236 1254 2312 ostendat
1284 2235 1638 2312 infinitam
1679 2237 2254 2313 misericordiam
2288 2237 2441 2312 Dei.
2480 2237 2685 2312 Unde
2714 2237 2930 2314 dicit:

599 2357 871 2432 orribil
907 2361 1129 2452 suron
1181 2359 1230 2430 li
1267 2360 1538 2452 peccati
1585 2361 1760 2432 miei.
1798 2356 1906 2431 Ad
1950 2356 2323 2433 sciendum
2381 2359 2593 2454 plene
2628 2353 2701 2452 (¹)
2757 2359 2935 2434 hor·

593 2474 1007 2552 ribilitatem
1044 2485 1516 2573 peccatorum
1551 2478 1901 2554 Manfredi
1935 2478 2008 2552 in
2041 2479 2489 2576 particulari,
2524 2486 2637 2554 est
2660 2471 2737 2572 (²)
2773 2500 2935 2556 me-

589 2597 1026 2672 morandum
1081 2599 1280 2692 quod
1333 2599 1746 2675 Manfredus
1781 2600 2106 2694 peccavit
2139 2598 2213 2672 in
2255 2605 2565 2696 patrem,
2602 2600 2933 2697 fratrem,

590 2723 953 2813 nepotem,
1005 2725 1080 2792 et
1133 2727 1447 2794 matrem
1501 2718 1904 2794 ecclesiam.
1959 2720 2170 2794 Solus
2200 2711 2277 2814 (³)
2344 2719 2539 2796 enim
2605 2739 2929 2815 praesens

592 2837 810 2913 morti
859 2845 1208 2934 paternae,
1245 2845 1328 2914 ut
1360 2838 1584 2934 aliqui
1618 2839 1970 2934 scribunt,
2006 2840 2359 2936 praevenit
2406 2841 2691 2936 horam,
2728 2839 2929 2936 quod

589 2957 650 3034 si
700 2979 966 3034 verum
1016 2959 1152 3034 suit
1201 2948 1686 3053 Federicus(‘)
1729 2960 2003 3056 recepit
2043 2981 2088 3034 a
2139 2959 2285 3034 filio
2336 2961 2675 3058 naturali,
2730 2960 2928 3058 quod

592 3078 990 3154 crudeliter
1042 3079 1314 3155 fecerat
1363 3079 1438 3154 in
1486 3079 1716 3154 filium
1773 3079 2203 3176 legitimum.
2260 3079 2635 3154 Conradus
2674 3087 2929 3156 autem

589 3198 840 3274 audita
876 3207 1116 3276 morte
1148 3200 1372 3296 patris
1404 3198 1774 3276 descendit
1811 3221 1902 3276 ex
1939 3200 2365 3276 Alemannia
2408 3200 2480 3274 in
2516 3200 2819 3296 ltaliam,
2854 3207 2931 3278 et

591 3320 792 3396 venit
839 3319 1206 3396 Veronam
1259 3341 1430 3396 cum
1485 3321 1738 3396 favore
1786 3321 2132 3398 Eccirini:
2167 3320 2429 3396 deinde
2464 3320 2823 3396 transiens
2854 3321 2933 3398 iu

595 3464 908 3541 regnum
961 3443 1426 3538 recuperavit
1475 3443 1787 3517 Siciliam
1825 3450 1900 3519 et
1934 3444 2178 3518 omnia
2216 3448 2479 3539 praeter
2510 3442 2929 3539 Neapolim3

595 3583 819 3659 quem
871 3563 1284 3638 Manfredus
1331 3562 1498 3638 laete
1558 3564 1854 3659 recepit,
1919 3563 2084 3639 licet
2133 3564 2385 3639 dolens
2436 3563 2707 3659 anim0,
2758 3562 2931 3659 quia

596 3684 750 3779 ipse
803 3682 1091 3757 volebat
1137 3682 1566 3757 dominium.
1621 3682 1998 3759 Conradus
2039 3683 2385 3759 continuo
2418 3683 2699 3758 obsedit
2742 3684 2933 3759 Nea-

591 3803 814 3899 polim
869 3804 1151 3901 magnis
1200 3803 1520 3899 viribus3
1582 3825 1728 3899 qua
1781 3804 2072 3879 tandem
2127 3804 2449 3899 obtenta,
2501 3824 2759 3881 omnes
2810 3824 2933 3881 re-

593 3924 820 3999 belles
868 3924 998 3999 sibi
1036 3925 1312 4000 amicos
1345 3924 1670 4001 ecclesiae
1705 3930 1854 3999 tam
1892 3923 2267 4021 religiosos
2300 3946 2524 4019 quam
2562 3926 2935 4001 seculares

591 4044 951 4121 contrivit.
1005 4044 1110 4119 Ex
1164 4065 1314 4139 quo
1365 4044 1424 4119 si
1475 4044 1746 4119 diutius
1807 4043 2325 4139 supervixisset
2383 4043 2765 4117 videbatur
2816 4043 2934 4117 fu·-

593 4171 806 4244 turns
880 4172 1304 4261 persecutor
1379 4165 1704 4241 ecclesiae
1781 4185 1928 4239 non
2005 4163 2251 4238 minus
2323 4172 2561 4259 patre,
2638 4183 2781 4239 avo
2858 4169 2935 4241 et

595 4304 918 4382 proav03
970 4285 1097 4361 sed
1147 4285 1381 4359 fatum
1432 4285 1706 4360 sueviae
1764 4283 2003 4381 stirpis
2053 4284 2389 4359 trahebat
2452 4282 2681 4360 illum.
2743 4282 2931 4358 Nam

593 4426 764 4481 cum
821 4412 1196 4502 regnasset
1227 4404 1522 4480 duobus
1553 4403 1762 4479 annis
1803 4404 2213 4479 infirmatus
2246 4410 2381 4498 est,
2416 4410 2493 4477 et
2525 4408 2931 4479 venenatus

595 4547 818 4622 opera
867 4526 1213 4601 Manfredi
1256 4547 1386 4621 per
1425 4546 1658 4601 unum
1711 4524 2076 4600 medicum
2115 4526 2186 4599 in
2231 4545 2379 4600 uno
2418 4523 2783 4620 clysterio,
2836 4544 2929 4599 ex

592 4666 738 4741 quo
790 4644 1143 4720 remansit
1193 4644 1546 4739 parvulus
1606 4641 1796 4718 filius
1848 4643 2301 4719 Conradinus
2364 4643 2441 4717 in
2505 4642 2933 4721 Alemannia

591 4771 806 4841 natus
835 4785 932 4840 ex
982 4764 1128 4840 filia
1161 4764 1368 4839 ducis
1401 4764 1732 4839 Bavariae
1779 4764 1900 4838 cui
1952 4769 2180 4859 pater,
2218 4762 2383 4839 licet
2422 4761 2939 4840 excommuni-

589 4892 818 4979 catus,
847 4885 1139 4981 reliquit
1173 4886 1558 4961 ecclesiam
1606 4885 1972 4979 tutricem,
2007 4905 2204 4961 anno
2237 4891 2505 4979 quarto
2540 4890 2699 4981 post
2732 4905 2937 4961 mor-

711 5070 767 5134 (¹)
803 5076 894 5122 117
925 5086 956 5121 o
987 5072 1050 5123 E.
1081 5078 1256 5124 nutem
1291 5073 1459 5136 plene.
1709 5070 1765 5135 (')
1799 5072 1861 5123 Ε.
1893 5078 1974 5123 est
2003 5074 2269 5123 sciendum
2302 5078 2357 5123 et
2387 5072 2799 5123 memorandum.

713 5148 768 5213 (Ἴ
802 5154 912 5207 1¹7.
945 5150 1068 5201 Fuit
1097 5164 1324 5215 presens
1351 5151 1532 5203 morti.
1711 5150 1766 5212 (⁸)
1796 5149 1859 5201 Β.
1891 5150 2172 5227 rodericus
2204 5150 2461 5201 secundus
2490 5149 2705 5213 recepit.
