4392 6850
1398 897 1494 964 48
2117 908 2525 962 COMENTUM
2575 909 3023 962 PURGAToRu

1399 1062 1558 1131 ret:
1610 1057 1756 1130 heu
1813 1077 1935 1130 me
1991 1055 2368 1148 miserum,
2414 1055 2588 1149 quid
2632 1055 2767 1129 feci
2806 1077 2937 1150 per
2972 1061 3260 1130 tantum
3298 1047 3743 1151 tempus?(¹)

1397 1183 1471 1251 et
1521 1197 1614 1250 ex
1663 1175 1960 1272 gaudio,
2013 1176 2190 1270 quia
2226 1162 2518 1249 videbat
2552 1197 2631 1248 se
2676 1176 3098 1270 pervenisse
3132 1175 3225 1249 ad
3260 1177 3537 1250 bonum
3580 1195 3751 1270 por-

1397 1305 1582 1392 tum,
1621 1298 1744 1370 ubi
1781 1298 2174 1372 evomebat
2208 1317 2507 1370 omnem
2552 1297 3118 1371 amaritudinem
3152 1289 3226 1389 (²)
3263 1297 3489 1371 maris
3522 1318 3744 1392 quam

1393 1419 1518 1492 diu
1583 1419 1950 1512 hauserat,
2005 1424 2080 1492 et
2147 1417 2547 1492 imbibebat
2610 1419 2903 1492 dulcem
2969 1438 3217 1492 rorem
3284 1419 3412 1511 qui
3464 1419 3749 1493 abster-

1392 1540 1614 1636 gebat
1671 1560 1972 1614 omnem
2035 1539 2451 1634 rubiginem
2514 1539 2609 1612 ab
2659 1539 3031 1612 intellectu
3084 1560 3243 1613 suo.
3291 1540 3499 1613 Unde
3550 1539 3746 1634 ponit

1395 1661 1740 1735 effectum
1794 1659 2013 1734 huius
2065 1666 2335 1734 sanctae
2375 1660 2686 1753 lotioniS,
2722 1659 3009 1734 dicens:
3060 1663 3248 1752 quivi
3280 1664 3375 1732 mi
3402 1663 3549 1752 fece
3582 1667 3745 1732 tutto

1395 1785 1822 1875 discoperto,
1889 1780 2103 1875 idest,
2176 1780 2683 1874 manifestum,
2744 1783 2904 1871 quel
2974 1784 3209 1873 color,
3279 1781 3550 1854 scilicet
3614 1801 3745 1853 na-

1396 1901 1737 1995 turalem,
1789 1903 1910 1973 che
1977 1905 2022 1974 l’
2045 1904 2326 1994 inferno
2378 1904 2474 1973 mi
2520 1922 2837 1991 nas-cose,
2890 1901 3062 1993 quia
3117 1901 3339 1974 homo
3392 1901 3738 1994 quamdiu

1395 2028 1507 2096 est
1556 2022 1629 2094 in
1683 2023 1966 2096 inferno
2035 2042 2180 2095 non
2247 2027 2481 2117 potest
2549 2023 2762 2116 plene
2828 2040 3275 2118 cognoscere
3340 2021 3744 2116 Virgilium,

1391 2143 1600 2237 idest,
1638 2144 1994 2217 rationem
2035 2144 2473 2235 naturalem,
2518 2143 2947 2237 prohibente
2981 2149 3303 2238 peccat0,
3348 2150 3745 2237 quantum-

1395 2282 1725 2356 cumque
1791 2263 2128 2338 videatur
2193 2263 2480 2358 sapiens
2560 2269 2635 2337 et
2704 2263 2933 2337 multa
3012 2263 3223 2358 scire,
3296 2265 3467 2356 quia
3538 2265 3743 2338 multi

1398 2385 1632 2457 multa
1683 2384 1941 2478 sciunt,
1995 2389 2068 2458 et
2119 2404 2198 2458 se
2240 2384 2429 2478 ipsos
2473 2384 2844 2478 nesciunt3
2891 2384 3099 2457 multi
3136 2391 3481 2478 quaerunt
3514 2385 3746 2459 scien-

1398 2503 1601 2598 tiam,
1653 2504 1868 2599 pauci
1920 2524 2100 2578 vero
2165 2505 2705 2579 conscientiam.
2737 2546 2836 2558 -
2876 2508 3241 2579 Vmimmo.
3305 2506 3435 2580 Hic
3490 2506 3745 2579 ultimo

1399 2628 1614 2719 poeta
1667 2623 1976 2698 ostendit
2035 2624 2352 2718 qualiter
2405 2625 2745 2720 Virgilius
2808 2625 3197 2700 recinxerit
3248 2647 3421 2700 eum
3479 2627 3745 2720 junco;

1403 2750 1478 2819 et
1543 2743 1783 2838 primo
1847 2743 2187 2817 describit
2249 2745 2493 2817 locum
2558 2745 2683 2818 ubi
2750 2745 3127 2819 abundant
3180 2745 3411 2842 junci,
3463 2745 3743 2819 dicens:

1415 2868 1762 2937 Venimmo
1789 2866 1937 2956 poi,
1992 2863 2420 2938 recedentes
2470 2885 2515 2938 a
2565 2865 2725 2938 loco
2778 2865 3115 2959 herbos0,
3170 2866 3383 2959 pleno
3438 2885 3628 2958 rore,
3670 2869 3741 2938 in

1399 2988 1512 3058 sul
1557 2987 1678 3057 lito
1729 2987 2016 3074 diserte,
2069 2983 2266 3077 quod
2318 3005 2361 3058 a
2402 2985 2601 3058 nullo
2635 2985 3029 3079 habitatur,
3063 3007 3108 3058 a
3152 2985 3353 3058 nullo
3406 2986 3747 3080 frequen-

1397 3111 1640 3199 tatur3
1676 3104 1841 3178 ideo
1880 3105 2096 3178 dicit:
2135 3109 2255 3177 clee
2288 3111 2435 3178 mai
2466 3127 2610 3178 non
2644 3109 2797 3180 vide
2828 3128 2989 3180 uom
3026 3111 3323 3181 navicar
3354 3129 3476 3180 sue
3507 3129 3745 3200 acque,

1397 3228 1518 3299 che
1565 3229 1674 3298 sia
1729 3228 1978 3316 poscia
2036 3233 2305 3317 esperto
2369 3230 2444 3300 di
2506 3235 2816 3299 tornare.
2889 3228 3028 3300 Per
3088 3228 3225 3302 hoc
3291 3229 3449 3302 vult
3507 3229 3749 3302 dicere

1401 3345 1600 3441 quod
1655 3345 1831 3418 nulli
1886 3354 2188 3442 possunt
2222 3347 2577 3423 accedere
2608 3347 2700 3421 ad
2744 3347 3141 3443 antipodeS,
3178 3349 3235 3421 si
3272 3354 3519 3424 tamen
3554 3354 3745 3443 sunt,

1398 3468 1589 3540 sicut
1636 3474 1856 3563 negat
1898 3467 2348 3564 Augustinus
2386 3469 2570 3542 libro
2611 3468 2703 3542 de
2754 3470 3060 3543 Civitate
3094 3470 3263 3543 Dei:
3303 3473 3547 3543 Nullus
3580 3492 3747 3561 erqo

1401 3590 1636 3661 vivens
1688 3591 1830 3679 ivit,
1882 3591 1999 3680 qui
2046 3610 2354 3683 unquam
2402 3597 2882 3662 reverteretur.
2920 3590 3073 3663 Hoc
3107 3589 3275 3664 dicit
3322 3612 3455 3684 pro
3498 3592 3743 3685 Ulyxe,

1401 3708 1528 3803 qui
1582 3709 1886 3783 tentavit
1947 3709 2118 3783 illuc
2179 3710 2535 3784 accedere
2594 3710 3001 3783 secundum
3066 3708 3431 3783 fictionem
3494 3716 3745 3803 poetae,

1400 3829 1528 3905 sed
1589 3830 1734 3904 cito
1797 3830 2037 3925 ipsum
2106 3831 2463 3925 poenituit.
2535 3832 2622 3903 Et
2699 3837 3037 3905 notanter
3104 3830 3283 3903 dixit
3351 3830 3743 3923 bominem,

1400 3950 1572 4043 quia
1643 3952 2021 4047 Angelum·
2075 3952 2265 4026 bene
2330 3951 2507 4026 vidit
2576 3952 2925 4047 navigare
2998 3972 3170 4025 suas
3242 3972 3498 4045 aquaS,
3563 3951 3745 4026 sicut

1399 4072 1640 4146 statim
1695 4072 1966 4165 patebit
2015 4073 2333 4166 capitulo
2386 4074 2707 4147 secundo
2760 4074 3117 4167 sequenti.
3183 4075 3270 4147 Et
3332 4080 3501 4147 nota
3553 4070 3744 4166 quod

1395 4192 1564 4267 licet
1613 4192 1824 4267 litera
1893 4212 1982 4266 ex
2047 4193 2255 4267 dictis
2319 4194 2657 4268 videatur
2715 4194 2887 4267 satis
2950 4195 3173 4288 clara,
3224 4200 3473 4267 tamen
3533 4192 3749 4265 habet

1395 4311 1874 4385 occultiorem
1929 4312 2401 4387 intellectum.
2458 4313 2625 4386 Vult
2676 4314 2872 4387 enim
2942 4312 3187 4387 dicere
3246 4312 3445 4405 quod
3510 4311 3747 4384 nullus

1397 4439 1570 4507 ante
1611 4453 1784 4507 eum
1839 4432 1970 4505 ivit
2011 4433 2102 4506 ad
2144 4435 2656 4529 purgatorium
2696 4435 2841 4508 alta
2875 4435 3254 4530 phantasia
3296 4433 3577 4525 mentis,
3616 4450 3748 4505 nec

1397 4554 1679 4649 poetice
1741 4554 2117 4649 descripsit
2180 4556 2721 4651 purgatorium,
2788 4555 2981 4648 quod
3048 4554 3386 4629 sciamus
3444 4548 3590 4626 Nec
3640 4550 3749 4624 vi-

1398 4676 1662 4749 deatur
1713 4676 1838 4748 tibi
1901 4675 2035 4749 ista
2097 4676 2453 4771 expositio
2502 4677 2762 4769 aliena,
2815 4678 3067 4768 lector,
3133 4675 3305 4770 quia
3370 4679 3585 4769 poeta
3634 4690 3750 4744 se-

1399 4794 1642 4868 cundo
1693 4794 2011 4889 capitulo
2064 4796 2409 4889 Paradisi,
2446 4796 2640 4871 idem
2693 4796 2862 4869 dicit
2910 4796 3003 4870 de
3056 4795 3363 4870 materia
3415 4790 3745 4888 paradisi,

1529 5044 1584 5108 (¹)
1618 5044 1678 5093 Ε.
1716 5049 1952 5107 tempus?
1983 5058 2047 5096 ex
2075 5048 2279 5110 gaudio.
2624 5046 2679 5109 (¹)
2714 5050 2775 5098 E.
2810 5048 3204 5099 amaritudinem
3236 5060 3410 5110 quam.
