4392 6850
1555 987 1834 1045 currus
1885 989 2215 1045 munus·
2960 977 3057 1044 85

707 1144 786 1212 et
835 1135 1218 1232 Virgilium
1259 1135 1416 1209 sine
1452 1133 1741 1228 umbra,
1785 1135 1960 1229 quia
2009 1135 2084 1208 in
2137 1133 2419 1208 inferno
2460 1154 2870 1228 numquam
2906 1133 3057 1206 ori-

709 1265 834 1332 tur
886 1259 1003 1332 vel
1054 1258 1250 1331 lucet
1299 1256 1428 1330 sol.
1481 1255 1570 1328 Et
1619 1256 1864 1330 subdit
1913 1256 2295 1352 quomodo
2336 1253 2677 1351 Virgilius
2724 1253 3057 1351 arguerit

709 1397 883 1452 eum
936 1378 1029 1451 de
1079 1375 1400 1450 ruditate
1449 1395 1608 1470 sua,
1660 1375 1946 1450 dicens:
1998 1377 2065 1449 el
2095 1378 2236 1450 mio
2268 1379 2618 1469 conforto,
2654 1373 2857 1468 idest,
2894 1374 3057 1448 Vir-

707 1499 922 1596 gilius
970 1495 1225 1571 solitus
1277 1497 1555 1572 hortari
1607 1517 1730 1573 me
1781 1504 2038 1572 contra
2090 1517 2397 1594 magnos
2446 1496 2751 1570 timores
2800 1504 2876 1570 et
2924 1513 3057 1591 pe-

711 1619 940 1692 ricula
1009 1617 1296 1711 inferni,
1356 1624 1522 1690 lucto
1585 1620 1867 1709 rivallo,
1931 1636 2194 1692 versus
2261 1637 2382 1690 me
2442 1616 2897 1713 perpendens
2962 1614 3057 1690 de

701 1757 968 1814 errore
1018 1759 1212 1832 me0‚
1245 1731 1658 1812 incomincia
1692 1760 1740 1811 a
1773 1740 1954 1829 dire,
1996 1735 2208 1831 quasi
2244 1736 2703 1834 indignanter
2730 1731 2807 1829 (¹)
2837 1760 2853 1809 :
2880 1757 3058 1830 per-

691 1854 832 1932 -che‘
869 1879 1012 1951 pur
1063 1861 1315 1952 diffidi,
1359 1858 1564 1952 quasi
1615 1859 1938 1933 diceret:
1976 1878 2023 1931 o
2059 1857 2365 1931 modicae
2406 1855 2595 1950 fidei,
2632 1876 2868 1950 quare
2902 1862 3053 1930 tam

702 1978 1016 2054 faciliter
1066 1978 1366 2053 amisisti
1397 1970 1470 2072 (²)
1525 1978 1865 2053 fiduciam
1903 1984 1978 2053 et
2012 1997 2241 2072 spem,
2280 1997 2505 2072 quam
2546 1977 2769 2052 debes
2814 1983 2889 2051 et
2924 1994 3058 2071 po—

715 2105 824 2175 tes
874 2100 1148 2174 babere
1195 2099 1268 2172 in
1321 2120 1467 2194 me,
1503 2099 1631 2192 qui
1681 2119 2092 2192 numquam
2127 2104 2204 2172 te
2236 2096 2527 2172 deserui
2565 2097 2639 2170 in
2670 2101 2873 2171 terra
2904 2095 3058 2170 dae-

711 2219 1192 2294 moniorum?
1239 2219 1408 2294 Ideo
1447 2218 1656 2294 dicit:
1707 2239 1852 2291 non
1883 2221 2076 2292 credi
2117 2225 2188 2292 tu
2228 2237 2336 2290 me
2379 2225 2548 2309 ceco,
2582 2217 2837 2312 supple
2872 2233 3056 2311 esse,

708 2362 751 2413 e
795 2341 901 2413 οἵ
923 2342 994 2412 io
1029 2342 1080 2412 ci
1123 2341 1344 2430 auidi,
1377 2338 1564 2414 sicut
1597 2340 1846 2414 soleo?
1871 2379 1971 2393 -
2009 2343 2326 2431 Vespero,
2373 2339 2503 2412 Hic
2537 2336 2877 2434 Virgilius
2910 2337 3057 2411 sol—

708 2461 814 2535 vit
861 2459 1388 2535 dubitationem
1443 2459 1690 2533 Dantis
1739 2459 2116 2556 assignans
2165 2479 2469 2532 causam
2508 2458 2728 2531 buius
2781 2456 2930 2550 rei3
2984 2462 3057 2531 et
3188 2529 3197 2541 ,

705 2579 878 2656 dicit
927 2579 1254 2656 breviter
1303 2581 1502 2675 quod
1552 2581 1692 2654 boc
1741 2581 2021 2674 accidit,
2057 2580 2233 2673 quia
2284 2600 2433 2655 non
2483 2579 2705 2653 babet
2754 2597 3052 2653 carnem

709 2721 987 2796 secum,
1026 2722 1252 2794 quam
1291 2701 1582 2794 reliquit
1632 2701 1992 2796 sepultam
2047 2701 2120 2774 in
2163 2699 2605 2795 hemisperio
2656 2697 3054 2794 superiori3

711 2833 786 2900 et
817 2823 1064 2897 anima
1097 2828 1448 2916 separata,
1469 2828 1580 2896 est
1611 2820 2016 2896 substantia
2051 2819 2384 2916 simplex,
2419 2821 2879 2915 incorporea,
2912 2817 3058 2913 spi-

714 2941 1019 3037 ritualiS,
1071 2941 1350 3015 nullam
1403 2941 1679 3015 babens
1728 2940 2158 3016 densitatem
2212 2961 2345 3036 per
2391 2960 2616 3034 quam
2660 2939 2883 3035 possit
2915 2939 3059 3012 im-

715 3063 966 3158 pedire
1031 3060 1610 3156 penetrationem
1688 3061 2090 3136 radiorum.
2157 3061 2415 3157 Tangit
2484 3067 2738 3136 autem
2808 3061 3055 3134 locum

711 3203 871 3258 suae
919 3184 1343 3278 sepulturae,
1395 3181 1686 3258 dicens:
1755 3187 2051 3276 Vespero
2111 3180 2155 3257 e*
2210 3174 2331 3274 yid
2388 3173 2572 3273 οοὶὰ,
2636 3181 2841 3276 idest,
2899 3182 3054 3276 jam

715 3311 826 3379 est
873 3323 1043 3378 sero
1093 3303 1168 3376 in
1217 3303 1442 3396 ltalia,
1497 3304 1692 3398 quia,
1743 3310 1828 3376 ut
1878 3303 2155 3378 dictum
2210 3309 2321 3377 est
2368 3303 2569 3377 clare
2617 3301 2692 3376 in
2742 3299 3060 3397 capitulo

719 3424 1176 3519 praecedenti,
1207 3425 1365 3519 jam
1419 3431 1579 3498 erat
1629 3424 1818 3499 facta
1855 3425 1978 3497 lux
2029 3424 2303 3519 ubique
2344 3424 2417 3497 in
2460 3424 2582 3498 illo
2623 3421 3061 3519 hemisperio

718 3545 1063 3638 inferiori,
1115 3545 1242 3619 ubi
1295 3551 1508 3619 erant
1557 3544 1707 3639 isti3
1759 3566 1943 3649 ergo
1995 3546 2301 3621 tenebra
2362 3545 2593 3619 noctis
2652 3545 2838 3619 facta
2900 3550 3063 3620 erat

717 3666 792 3739 in
843 3672 1092 3739 nostro
1143 3665 1528 3760 superiori,
1578 3664 1707 3739 ubi
1749 3667 1948 3762 jacet
1974 3654 2050 3759 (⁸)
2101 3686 2371 3760 corpus
2409 3664 2708 3763 Virgilii,
2752 3666 2916 3740 ideo
2956 3664 3065 3738 di-

719 3784 858 3859 cit:
931 3787 1093 3857 dov'
1116 3782 1159 3858 e*
1217 3788 1478 3877 sepolto
1523 3787 1622 3857 'lo
1683 3804 1928 3878 corpe,
1988 3785 2259 3859 scilicet
2326 3804 2609 3876 meum,
2675 3788 2923 3859 dentro
2988 3788 3069 3858 al

715 3908 888 3997 qual
930 3908 1000 3977 io
1044 3907 1269 3998 saoev’
1297 3906 1574 3996 embra,
1625 3904 1920 3998 scilicet,
1957 3922 2130 3978 cum
2183 3906 2429 3979 anima
2474 3925 2641 3979 mea
2684 3911 2845 3979 erat
2885 3925 3064 3979 con-

718 4025 963 4098 iuncta
1015 4024 1304 4118 corpori
1357 4023 1428 4097 in
1481 4024 1664 4098 vita:
1719 4031 1794 4099 et
1840 4024 2165 4099 declarat
2218 4024 2289 4097 in
2340 4024 2630 4120 speciali
2692 4025 2936 4098 locum
2988 4031 3066 4099 et
3208 4008 3216 4016 ’

719 4144 1026 4219 modum
1080 4146 1498 4241 sepulturae.
1553 4146 1641 4219 Et
1691 4145 1808 4219 hic
1851 4152 2047 4239 nota,
2084 4146 2338 4239 lector,
2374 4145 2571 4239 quod
2623 4146 2808 4220 sicut
2850 4152 3063 4240 poeta

723 4272 968 4340 noster
1021 4265 1189 4339 fecit
1237 4265 1311 4339 in
1363 4264 1650 4339 inferno
1700 4265 2082 4362 Virgilium
2143 4264 2559 4340 describere
2616 4264 2925 4360 patriam
2990 4264 3065 4339 in

719 4406 870 4479 qua
921 4391 1140 4459 natus
1187 4392 1320 4480 est,
1357 4385 1630 4461 scilicet
1679 4386 2053 4462 Mantuam
2105 4387 2180 4459 in
2231 4386 2587 4460 honorem
2642 4392 2715 4461 et
2766 4386 3062 4461 laudem

722 4505 1018 4603 Virgilii,
1071 4506 1246 4601 quia
1296 4506 1590 4581 Mantua
1641 4514 1754 4581 est
1802 4506 2248 4581 nobilissima
2283 4506 2571 4600 civitas3
2608 4506 2707 4579 ita
2758 4506 3064 4580 nuncin

721 4626 1149 4722 purgatorio
1183 4626 1390 4724 fingit
1421 4628 1802 4724 Virgilium
1845 4634 2148 4725 tangere
2183 4627 2519 4722 patriam,
2556 4648 2703 4721 qua
2740 4628 3065 4704 maxime

719 4746 1119 4825 delectatus
1171 4754 1282 4822 est
1333 4748 1407 4821 in
1457 4747 1628 4842 vita,
1661 4755 1758 4823 'et
1805 4747 1999 4843 apud
2053 4769 2277 4844 quam
2316 4748 2646 4843 sepultus
2696 4754 2829 4843 est,
2874 4748 3065 4823 scili·-

715 4876 836 4944 cet
885 4868 1282 4963 Neapolim.
1337 4870 1460 4943 Est
1511 4868 1706 4944 enim
1759 4870 2095 4965 Neapolis
2144 4868 2399 4944 civitas
2458 4869 2714 4944 litorea
2768 4868 3065 4944 nobilis-

845 5125 898 5186 (¹)
935 5128 1040 5188 117,
1074 5126 1382 5191 indignatus.
1573 5127 1628 5191 (¹)
1661 5129 1722 5179 E.
1754 5128 1967 5179 amisisti
2000 5134 2056 5179 tu
2091 5128 2351 5180 fiduciam.
2542 5128 2594 5190 (⁸)
2630 5130 2737 5188 117,
2770 5132 2899 5177 erut.
