4392 6850
1387 958 1670 1015 cmm-us
1715 958 2056 1015 Daunus.
2752 946 2896 1015 287

553 1107 832 1195 nichol,
859 1102 1238 1179 soemiuam
1265 1096 1339 1197 (¹)
1371 1104 1795 1199 superbam,
1817 1125 1944 1179 ove
1976 1126 2106 1178 era
2137 1106 2461 1179 istoriam
2495 1108 2540 1179 ἴ
2558 1108 2709 1179 aeta
2737 1107 2899 1196 910-

550 1230 694 1317 ria,
746 1226 951 1321 idest,
1003 1226 1320 1323 gloriosa
1373 1224 1624 1299 militia
1644 1221 1653 1232 '
1675 1232 1750 1299 et
1790 1224 2094 1321 justitia,
2161 1228 2279 1299 del
2321 1246 2585 1299 roman
2625 1227 2903 1317 princi-

543 1356 744 1443 pam,
796 1347 1003 1440 idest,
1052 1345 1336 1441 imperii
1400 1344 1712 1439 Traiani,
1763 1348 1818 1421 il
1879 1348 1991 1421 cui
2065 1350 2332 1439 valore,
2404 1346 2590 1423 idest
2640 1347 2901 1442 virtus,

555 1490 780 1543 morse
817 1470 1192 1559 (maone,
1221 1466 1521 1560 scilicet,
1552 1466 1901 1561 primum,
1936 1467 2062 1561 qui
2106 1467 2247 1541 suit
2291 1467 2547 1543 doctor
2580 1488 2902 1565 maguus

556 1595 630 1663 et
679 1588 832 1683 ipse
881 1586 1094 1661 valde
1143 1586 1460 1681 humilis
1513 1592 1590 1661 et
1637 1607 1818 1662 vere
1885 1586 2140 1661 nobilis
2187 1588 2481 1662 animus
2532 1588 2667 1662 suit
2718 1603 2902 1663 suus

549 1709 630 1783 in
683 1706 1008 1803 rogando
1057 1728 1194 1802 pro
1244 1706 1420 1801 isto;
1455 1710 1608 1781 alla
1643 1728 1778 1781 sua
1821 1728 2016 1799 ρναη
2056 1710 2367 1801 victoria,
2408 1708 2583 1803 quia
2614 1701 2690 1801 (¹)
2728 1708 2905 1783 vicit

553 1828 948 1922 infernum,
1001 1826 1126 1901 ubi
1177 1827 1378 1901 nulla
1429 1833 1541 1903 est
1593 1827 2016 1923 redemptio,
2053 1834 2128 1903 et
2178 1828 2575 1903 Traianum
2628 1828 2902 1903 libera·-

552 1950 656 2025 vit
705 1948 802 2025 de
851 1947 1190 2023 manibus
1241 1947 1466 2023 hostis
1513 1948 1814 2042 antiqui,
1842 1952 2070 2022 —10.
2107 1948 2240 2023 Hic
2290 1954 2505 2045 poeta
2554 1947 2904 2025 describit

551 2070 782 2167 ipsam
845 2068 1222 2143 historiam
1286 2074 1606 2161 tactam3
1671 2068 1870 2143 unde
1931 2089 2014 2143 se
2068 2069 2473 2163 declarans,
2534 2068 2754 2143 dicit:
2816 2072 2903 2141 Io

551 2193 708 2265 dico
757 2192 833 2265 di
891 2191 1206 2263 steiano
1251 2190 1728 2281 imperadore,
1797 2208 2131 2281 romano,
2179 2191 2272 2263 ed
2334 2209 2479 2262 una
2540 2190 2901 2261 vedovella

553 2312 652 2401 μὴ·
699 2330 830 2381 era
881 2312 960 2383 al
997 2312 1234 2404 freno,
1288 2308 1610 2383 retinens
1659 2315 1734 2383 et
1789 2309 2168 2384 retardans
2218 2328 2421 2403 eum,
2473 2312 2551 2383 di
2598 2311 2903 2401 [aprime

559 2432 935 2521 omagium
981 2450 1020 2503 e
1067 2430 1158 2503 di·
1194 2431 1460 2503 dolore.
1523 2427 1610 2501 Et
1649 2448 1828 2503 vere
1877 2428 2034 2503 haec
2085 2428 2223 2502 suit
2272 2448 2575 2503 romana
2632 2426 2899 2503 mulier

559 2550 800 2625 audax
855 2556 930 2623 et
980 2548 1324 2644 prudeus
1371 2569 1540 2643 quae
1593 2556 1740 2623 tam
1794 2549 2145 2624 audacter
2179 2548 2477 2647 ingessit
2511 2550 2699 2625 sein
2738 2557 2905 2624 tur-

561 2690 722 2745 mas
751 2677 1241 2763 armatorum,
1265 2674 1340 2743 et
1373 2675 1520 2743 tam
1558 2667 1959 2764 prudenter
1993 2668 2361 2745 contendit
2396 2689 2565 2745 cum
2602 2688 2901 2745 summo

561 2789 1028 2886 imperatore.
1058 2789 1245 2878 Quid
1271 2809 1454 2886 ergo
1479 2788 1842 2863 miramur
1877 2788 1934 2862 si
1973 2795 2211 2863 mater
2228 2780 2303 2883 (⁸)
2330 2788 2691 2863 Coriolani
2720 2788 2901 2864 dixit

559 2911 678 2985 illa
711 2912 862 2985 alta
899 2912 1124 2987 verba
1173 2918 1426 2985 contra
1481 2909 1738 3003 filium,
1773 2909 1898 3003 qui
1947 2909 2331 2983 infestabat
2364 2909 2719 2985 hostiliter
2751 2910 2911 2984 Ro«

559 3034 794 3105 mam!
845 3030 1044 3105 Bene
1094 3050 1275 3127 ergo
1327 3028 1495 3104 fecit
1545 3036 1760 3124 poeta
1821 3048 2099 3124 ponere
2157 3028 2231 3102 in
2283 3028 2491 3103 litera
2554 3036 2631 3105 et
2690 3035 2901 3104 actus

553 3162 630 3227 et
677 3152 907 3225 verba
959 3150 1166 3225 istius
1214 3148 1590 3225 mulieris:
1642 3156 1718 3224 et
1767 3148 1996 3245 tangit
2045 3155 2479 3244 apparatum
2539 3150 2731 3244 belli,
2790 3148 2899 3225 di·-

554 3292 775 3347 ceus:
839 3274 1122 3345 intorno
1171 3290 1222 3343 a
1271 3272 1368 3343 lui
1413 3289 1545 3343 era
1591 3272 1860 3343 calcato
1907 3290 1946 3341 e
1987 3271 2197 3361 piena
2246 3270 2323 3342 di
2368 3272 2722 3343 canalia-i.
2766 3270 2896 3345 Hic

556 3392 752 3468 euim
806 3392 1120 3489 inclytus
1177 3390 1577 3486 imperator
1645 3389 1876 3464 multa
1926 3396 2002 3465 et
2065 3410 2333 3486 magna
2398 3389 2583 3465 bella
2634 3390 2897 3488 gessit:

555 3513 650 3588 de
697 3513 910 3588 cuius
963 3511 1352 3586 virtutibus
1417 3519 1492 3586 et
1540 3511 1876 3586 laudibus
1926 3511 2164 3587 dicam
2228 3509 2512 3607 plenius
2572 3511 2899 3586 Paradisi

559 3633 876 3728 capitulo
925 3633 1084 3727 XX,
1135 3653 1174 3706 e
1223 3635 1267 3705 l’
1295 3635 1571 3724 a9u91ie
1619 3635 1777 3705 nell’
1804 3653 1964 3726 oro,
2017 3632 2186 3726 quia
2250 3630 2499 3726 aquila
2560 3630 2772 3728 nigra
2822 3630 2897 3705 iu

557 3774 818 3848 campo
867 3773 1104 3828 aureo
1135 3760 1298 3828 erat
1337 3751 1726 3848 insignium
1765 3773 2247 3828 romanorum
2300 3752 2600 3846 ducum,
2644 3755 2707 3825 si
2738 3773 2897 3824 mo-

558 3877 756 3948 vieno
788 3875 978 3948 sovr’
1003 3894 1155 3947 esso
1187 3875 1262 3946 in
1297 3875 1474 3945 vista
1507 3874 1586 3945 αἱ
1615 3879 1840 3963 vento,
1867 3873 2074 3966 quasi
2117 3871 2345 3946 dicat:
2394 3872 2659 3946 vexilla
2686 3878 2899 3946 erant

547 3995 706 4090 jam
740 3993 1076 4088 explicita
1101 3980 1201 4086 (⁴),
1230 3991 1402 4085 quia
1429 3990 1805 4086 Traianus,
1836 3998 1921 4066 ut
1953 3991 2181 4066 verbo
2210 3991 2485 4068 Lucani
2516 4000 2705 4085 utar,
2734 3997 2901 4066 erat

559 4113 847 4190 laturus
879 4113 1211 4188 victrices
1243 4111 1528 4206 aquilas
1561 4112 1634 4186 in
1666 4113 1894 4187 alium
1929 4113 2213 4188 orbem.
2236 4153 2335 4168 —-
2360 4118 2483 4188 La.
2520 4113 2651 4188 Hic
2685 4119 2899 4208 poeta

559 4233 900 4309 describit
947 4233 1326 4328 querelam
1380 4238 1456 4307 et
1503 4233 2045 4308 contentionem
2089 4232 2297 4306 istius
2346 4233 2673 4308 mulieris
2723 4251 2901 4308 cum

561 4353 1027 4449 imperatore,
1067 4352 1358 4428 dicens:
1395 4356 1500 4425 La
1535 4355 1883 4426 miserella
1924 4373 2156 4446 parea
2206 4355 2397 4428 dicer
2438 4361 2556 4427 tra
2598 4356 2745 4426 tutti
2778 4373 2899 4429 oo·-

559 4481 782 4566 storo,
831 4473 1004 4568 quia
1051 4471 1262 4546 dolor
1313 4471 1622 4546 faciebat
1673 4493 1839 4546 eam
1893 4471 2251 4548 audacem
2304 4473 2493 4548 inter
2552 4457 2929 4567 strepitus

562 4595 932 4691 legionum
1009 4599 1498 4687 armatarum,
1548 4594 1835 4684 Sionor,
1891 4597 2144 4687 summi
2202 4595 2515 4668 vendeua
2580 4596 2697 4668 del
2762 4595 2903 4667 mio

553 4717 824 4808 fiyliuol
876 4717 978 4787 clt’
1005 4709 1046 4788 e*
1093 4719 1346 4802 morto,
1395 4715 1560 4786 ond'
1583 4715 1654 4784 io
1731 4715 1820 4784 m’
1847 4733 2128 4804 accere,
2183 4713 2357 4808 quia
2416 4713 2699 4810 gladius
2750 4733 2899 4788 non

561 4834 656 4908 ita
708 4834 1174 4909 transfixerat
1236 4853 1506 4928 corpus
1573 4831 1720 4925 filii,
1771 4831 1958 4906 sicut
2015 4832 2227 4907 dolor
2288 4853 2419 4908 cor
2484 4833 2758 4907 matris,
2812 4834 2901 4908 Et

684 5025 738 5084 (¹)
771 5023 834 5074 E·
869 5021 1078 5074 smmin.
1111 5021 1350 5086 superba.
1729 5019 1784 5080 (')
1817 5021 1878 5071 E.
1911 5034 2028 5085 qun
2061 5019 2202 5072 vicit.

684 5100 740 5163 (⁸)
771 5101 836 5152 E.
867 5101 914 5151 ni
945 5101 1155 5152 mulier.
1734 5095 1788 5180 β)
1821 5097 1883 5148 B.
1915 5098 2186 5162 explicatu.
