4392 6850
1524 916 1665 984 446
2238 928 2641 985 ΟΟΜΕΝΤΠΜ
2692 927 3132 984 PURGAToml

1519 1071 1619 1144 dit
1670 1073 2039 1166 Parmam,
2091 1078 2164 1147 et
2217 1071 2385 1146 fecit
2434 1071 2531 1146 ibi
2580 1071 2927 1146 Bastitam
2994 1091 3341 1168 magnam
3404 1071 3477 1145 in
3539 1072 3847 1148 formam

1516 1190 1842 1285 civitatiS,
1871 1212 2095 1285 quam
2126 1191 2521 1266 Victoriam
2556 1192 2965 1288 appellavit,
2983 1193 3247 1286 jurans
3284 1212 3697 1286 numquam
3730 1214 3845 1269 re-

1515 1313 1802 1408 cedere,
1857 1314 1989 1388 nisi
2043 1315 2310 1388 Parma
2360 1319 2593 1409 capta,
2658 1334 2883 1406 quam
2947 1318 3387 1408 conceperat
3447 1313 3847 1409 destruere,

1517 1437 1594 1506 et
1643 1433 2042 1508 transferre
2084 1433 2498 1508 Victoriam.
2554 1433 2785 1528 Igitur
2834 1433 3201 1508 Friderico
3254 1432 3733 1529 impugnante
3778 1441 3847 1508 et

1519 1553 1825 1628 ecclesia
1885 1553 2310 1628 defensante
2340 1547 2413 1647 (¹)
2464 1554 2809 1628 Parmam
2875 1574 3008 1649 per
3068 1553 3383 1648 spatium
3450 1573 3577 1628 sex
3643 1574 3846 1628 men-

1521 1673 1738 1768 sium,
1773 1674 2050 1749 saevitia
2100 1672 2385 1771 hyemis
2433 1680 2767 1770 cogente,
2812 1673 3062 1747 militia
3098 1672 3473 1747 civitatum
3512 1672 3847 1766 utrinque

1521 1794 1611 1870 ad
1663 1795 1955 1889 propria
2007 1793 2384 1868 remeavit.
2436 1793 2849 1869 Fridericus
2881 1814 3061 1869 vero
3103 1791 3453 1868 remansit
3504 1793 3577 1866 in
3611 1792 3848 1868 Victo-

1523 1913 1654 2008 ria,
1705 1920 2096 2009 expectans
2147 1920 2439 2010 tempus
2489 1914 2780 2008 aestatis,
2816 1935 2943 2009 spe
2976 1912 3483 2009 expugnandae
3522 1913 3847 2008 civitatis,

1521 2056 1689 2130 quae
1727 2034 2034 2130 penuria
2073 2034 2499 2109 victualium
2539 2055 2764 2129 parvo
2801 2041 3137 2128 tempore
3171 2040 3455 2128 poterat
3489 2034 3845 2108 resistere.

1522 2155 1692 2230 ldeo
1731 2155 2164 2248 Fridericus,
2200 2153 2729 2250 parvipendens
2778 2154 3132 2246 obsessos,
3166 2152 3283 2227 die
3335 2153 3655 2247 quadam
3704 2152 3853 2228 ive-

1524 2280 1636 2348 rat
1687 2281 1897 2349 extra
1940 2274 2335 2348 Victoriam
2371 2273 2462 2348 ad
2498 2273 2911 2349 Falconem.
2949 2274 3152 2348 Tunc
3186 2293 3611 2368 parmenses
3645 2272 3847 2366 quasi

1521 2394 1880 2489 desperati
1932 2393 2207 2468 furiose
2256 2399 2639 2487 exeunteS,
2683 2393 3113 2468 invaserunt
3161 2392 3579 2488 Victoriam,
3632 2414 3849 2488 quam

1524 2519 1811 2608 captam
1864 2512 2066 2586 ferro
2115 2517 2190 2586 et
2240 2511 2411 2609 igne
2458 2513 3007 2606 destruxerunt,
3049 2519 3125 2587 et
3156 2511 3401 2607 praeda
3454 2534 3721 2609 magna
3752 2513 3855 2588 di-

1527 2633 1654 2706 tati
1706 2638 1896 2706 sunt.
1933 2632 2345 2708 Fridericus
2396 2653 2575 2708 vero
2626 2633 3067 2708 Cremonam
3108 2632 3393 2729 fugiens
3433 2633 3553 2707 vix
3607 2633 3853 2728 evasit,

1525 2753 1808 2828 amissis
1848 2753 2213 2848 jocalibus
2262 2752 2414 2827 suis
2472 2760 2549 2828 et
2594 2773 2890 2847 corona,
2943 2773 3168 2848 quam
3222 2754 3639 2829 habuerunt
3689 2775 3854 2850 par-

1531 2893 1840 2947 menses
1893 2874 2063 2946 Haec
2111 2880 2317 2968 gesta
2370 2878 2541 2948 sunt
2574 2872 2691 2948 die
2725 2873 2969 2946 Martis
3005 2873 3241 2967 prima
3283 2873 3629 2948 februarii
3664 2895 3854 2948 anno

1529 2992 1814 3066 Domini
1855 2992 2343 3086 MCCXLV1113
2380 2999 2455 3068 et
2488 3014 2681 3067 anno
2716 2993 3049 3086 sequenti
3083 2993 3439 3068 Heuricus
3474 2993 3663 3066 filius
3698 2994 3853 3068 eius

1529 3111 1915 3188 bellicosus
1975 3121 2231 3206 captus
2298 3118 2409 3186 est
2474 3133 2521 3186 a
2578 3112 3145 3186 bononiensibus
3209 3113 3403 3208 apud
3461 3113 3853 3188 Mutinam:

1528 3253 1677 3328 qua
1730 3231 2030 3307 victoria
2079 3231 2563 3318 bononienses
2612 3231 2785 3306 elati
2834 3239 3007 3306 sunt
3041 3231 3271 3306 valde.
3312 3232 3585 3308 Deinde
3630 3235 3857 3308 altero

1526 3373 1723 3429 anno
1740 3351 2153 3427 Fridericus
2181 3358 2521 3427 mortuus
2547 3359 2679 3447 est,
2708 3351 2881 3427 nibil
2907 3352 3001 3428 de
3030 3357 3228 3428 tanta
3262 3354 3577 3448 potentia
3606 3375 3853 3429 secum

1527 3474 1845 3567 trahens,
1899 3473 2032 3547 nisi
2083 3473 2445 3549 sarcinam
2491 3479 2983 3569 peccatorum.
3028 3474 3239 3548 Nunc
3278 3474 3861 3549 descendendum

1531 3599 1640 3667 est
1690 3593 1783 3668 ad
1843 3592 2155 3687 literam,
2222 3614 2449 3687 quam
2516 3593 2619 3667 sic
2680 3592 3070 3688 ordinabiS,
3138 3596 3381 3667 valore
3442 3616 3481 3667 e
3542 3598 3859 3687 cor-tesia,

1534 3713 1736 3807 idest,
1771 3714 1909 3787 viri
1944 3714 2269 3789 valentes
2302 3720 2379 3797 et
2422 3713 2781 3806 liberaleS,
2826 3717 3137 3787 trovam·
3160 3716 3353 3787 solea
3383 3716 3459 3787 in
3488 3718 3602 3787 sul
3630 3736 3861 3807 paese,

1534 3832 1826 3927 scilicet,
1862 3832 1936 3906 in
1969 3833 2285 3907 Marchia
2328 3833 2699 3908 Tarvisina
2728 3824 2804 3925 (²)
2842 3838 2919 3908 et
2950 3834 3408 3927 Lombardia,
3460 3837 3787 3927 cli'Adiye
3829 3858 3865 3908 e

1536 3957 1641 4027 Po
1691 3955 1882 4045 riya,
1929 3952 2112 4027 idest
2140 3944 2244 4047 (³),
2280 3952 2613 4047 balneat3
2650 3953 2821 4047 quia
2858 3954 3141 4029 Athesis
3174 3954 3429 4029 nobilis
3460 3956 3728 4030 fluvius
3766 3957 3865 4031 la-

1534 4071 1732 4147 bitur
1781 4093 1916 4168 per
1965 4074 2363 4149 Marchiam
2414 4073 2889 4170 Tarvisinam,
2930 4095 3065 4170 per
3104 4074 3475 4149 civitatem
3517 4076 3861 4172 Veronae3

1535 4212 1703 4287 quae
1755 4193 1959 4290 regio
2008 4193 2201 4269 dicto
2254 4201 2585 4288 tempore
2634 4192 2771 4267 fuit
2818 4194 3213 4269 crudeliter
3246 4194 3515 4269 afflicta
3560 4216 3693 4291 per
3734 4196 3865 4272 Ec-

1533 4312 1866 4387 cerinum
1903 4312 1996 4387 de
2026 4313 2386 4407 Romano,
2422 4312 3003 4388 confoederatum
3041 4333 3212 4388 cum
3248 4314 3651 4411 Friderico3
3686 4316 3867 4391 sicut

1534 4431 1804 4525 Padua,
1859 4433 2170 4527 Verona,
2226 4432 2570 4526 vicentia,
2611 4432 3046 4507 Tarvisium.
3082 4434 3323 4509 Padus
3356 4453 3535 4510 vero
3576 4436 3864 4511 nobilis-

1534 4550 1764 4627 simus
1814 4552 2081 4628 fluvius
2129 4552 2381 4629 dividit
2429 4552 2941 4627 Lombardiam
2976 4574 3111 4649 per
3150 4554 3511 4650 medium3
3549 4577 3717 4650 quae
3752 4576 3868 4633 re-

1533 4670 1654 4765 gio
1706 4670 1840 4745 fuit
1891 4672 2403 4748 miserabiliter
2452 4672 2772 4747 lacerata
2832 4692 2965 4767 per
3012 4672 3491 4768 Fridericum,
3543 4681 3629 4748 ut
3677 4682 3868 4770 patet

1535 4809 1629 4864 ex
1679 4790 1902 4865 dictis.
1956 4792 2044 4864 Et
2092 4791 2209 4867 hic
2270 4797 2467 4886 nota,
2520 4791 2718 4887 quod
2778 4791 2913 4866 iste
2972 4794 3259 4868 Marcus
3317 4794 3508 4870 bene
3570 4802 3869 4871 noverat

1659 4976 1714 5038 (¹)
1747 4981 1855 5038 11⁷,
1887 4976 2221 5037 defendente,
2248 4979 2437 5029 Parma
2468 4992 2579 5042 per.
2950 4975 3009 5042 (¹)
3042 4980 3105 5030 E.
3134 4980 3417 5033 Triviam.

1663 5050 1718 5115 (³)
1746 5050 1798 5103 S.
1832 5052 1978 5115 idest,
2013 5053 2270 5120 balneant.
