4392 6850
1417 961 1694 1024 emerus
1743 963 2084 1024 oca-mus-
2777 957 2924 1026 m

579 1108 718 1186 bus
769 1109 1248 1186 obediverant
1295 1109 1370 1184 in
1420 1109 1578 1188 vita
1619 1131 1890 1207 magna
1949 1131 2203 1208 regna,
2254 1113 2509 1188 multae
2568 1115 2796 1190 urbes
2848 1121 2929 1189 el:

578 1229 827 1326 magni
904 1230 1294 1325 exercitus,
1345 1234 1658 1322 sequitur
1723 1235 1836 1322 lei,
1895 1232 2317 1308 obedientes
2380 1253 2607 1328 parvo
2682 1234 2935 1328 numi,

579 1353 992 1428 <linteamenta
1039 1373 1078 1424 e
1123 1353 1377 1443 divote,
1429 1351 1604 1445 quia
1655 1351 1948 1447 scilicet,
2000 1360 2491 1428 surrexerunt
2546 1361 2621 1429 et
2670 1363 2935 1432 verte-

581 1478 756 1546 runt
801 1493 884 1548 se
933 1471 1266 1548 similiter
1313 1472 1408 1547 ad
1457 1471 1842 1566 orientem,
1895 1479 1969 1546 et
2016 1473 2434 1582 jnnxerunt
2488 1481 2565 1549 et
2625 1476 2935 1552 levave—

579 1598 756 1670 runt
805 1613 1072 1668 manus
1133 1599 1432 1669 orantes
1487 1592 1752 1668 devote
1819 1600 1897 1668 et
1959 1601 2333 1672 cantantes
2390 1595 2723 1690 dulciter,
2786 1619 2931 1690 pen·

581 1719 746 1790 mtto
795 1717 840 1788 ἴ
865 1717 1036 1787 inno
1085 1715 1308 1788 intere
1334 1739 1366 1805 ;
1419 1715 1737 1809 hymnus
1787 1711 1986 1788 enim
2045 1721 2156 1788 est
2219 1716 2380 1790 laus
2438 1716 2591 1790 Deo
2650 1716 2929 1809 debita,

579 1837 850 1908 avendo
897 1837 998 1926 qh·
1045 1836 1262 1925 ocelli,
1314 1833 1515 1927 idest,
1568 1833 2259 1929 contemplationem
2312 1837 2735 1931 mentalem,
2772 1859 2823 1910 a
2857 1840 2931 1910 le

576 1976 870 2048 superne
917 1963 1094 2045 rote,
1145 1955 1350 2050 idest,
1403 1955 1497 2032 ad
1545 1955 1794 2047 coelos,
1845 1955 2032 2030 sicut
2083 1955 2395 2030 similem
2446 1964 2697 2032 actum
2748 1978 2919 2052 pos-

576 2097 834 2152 sumus
883 2075 1136 2150 videre
1185 2097 1380 2170 saepe
1430 2077 1611 2151 hora
1663 2074 2118 2170 completorii
2167 2074 2243 2150 in
2292 2076 2533 2150 choris
2570 2077 2931 2154 ecclesia·-

577 2217 744 2276 tum
797 2203 1245 2290 nostrarum,
1299 2197 1498 2291 quod
1548 2217 1746 2274 unus
1793 2195 2040 2291 incipit
2087 2196 2235 2272 alte
2284 2204 2585 2272 cantare
2636 2198 2926 2274 dictums

577 2318 934 2413 hymnum
987 2319 1105 2392 vel
1157 2317 1412 2411 alium,
1449 2323 1522 2392 et
1553 2317 1904 2393 continuo
1937 2317 2182 2392 caeteri
2219 2325 2635 2411 sequuntur
2676 2341 2927 2414 usque

573 2438 663 2512 ad
698 2436 920 2514 finem
957 2439 1232 2535 hymni.
1267 2440 1358 2514 Et
1391 2445 1562 2514 nota
1597 2439 1793 2532 quod
1829 2444 2048 2532 poeta
2081 2437 2289 2534 fingit
2322 2438 2437 2514 hic
2472 2439 2647 2514 istos
2672 2462 2926 2536 orare,

575 2558 771 2652 quod
823 2559 1064 2635 adhuc
1117 2581 1264 2635 non
1313 2559 1480 2634 fecit
1529 2558 1604 2635 in
1655 2559 1902 2652 aliqua
1960 2565 2158 2634 secta
2216 2559 2633 2634 animarum
2698 2583 2925 2657 supe·-

579 2677 752 2772 riuS,
789 2678 964 2776 quia
1013 2679 1551 2776 appropinquat.
1585 2679 1679 2758 ad
1715 2678 2253 2774 purgatorium,
2288 2677 2450 2754 ideo
2502 2681 2767 2768 merito
2802 2682 2921 2756 in·-

577 2797 772 2875 ducit
823 2799 996 2873 istos
1045 2799 1343 2894 spiritus
1389 2800 1788 2876 intraturos
1840 2797 2339 2893 poenitentiam
2391 2819 2609 2874 orare
2657 2809 2913 2877 contra

578 2923 1028 2994 tentamenta
1079 2919 1452 2994 daemonis.
1505 2918 1646 2996 Sed
1699 2918 1941 2996 statim
1977 2917 2167 2992 dicet
2207 2918 2506 3012 aliquis:
2544 2921 2920 3014 quomodo

578 3037 688 3114 isti
737 3043 958 3114 orant
1016 3046 1270 3116 contra
1332 3039 1614 3114 somnia
1679 3045 1751 3114 et
1817 3039 1958 3113 alia
2024 3057 2192 3132 quae
2250 3046 2535 3114 certum
2592 3048 2702 3116 est
2766 3061 2927 3118 nona

577 3179 736 3236 esse
785 3159 860 3236 in
909 3160 1396 3256 purgatorio?
1447 3159 1848 3237 Dicendum
1901 3159 2245 3252 breviter,
2297 3160 2497 3254 quod
2548 3161 2715 3237 talia
2768 3182 2925 3238 non·¹

575 3285 744 3354 sunt
790 3278 866 3352 in
916 3279 1344 3376 purgatorio
1395 3279 1781 3373 essentiali,
1834 3279 1962 3356 sed
2029 3281 2292 3354 morali
2356 3281 2498 3356 sic:
2562 3301 2730 3356 nam
2787 3280 2927 3375 qui*

573 3400 881 3483 tendunt
931 3400 1021 3475 ad
1083 3400 1582 3497 poenitentiam
1653 3401 1978 3478 maxime
2034 3406 2436 3498 tentantur,
2506 3411 2589 3479 et
2646 3402 2813 3479 ideo
2838 3395 2917 3495 (¹)

573 3522 809 3619 magis
857 3520 1182 3617 indigent
1227 3521 1582 3599 oratione.
1610 3562 1712 3583 -
1734 3527 2056 3613 Ayuzza.
2107 3520 2239 3597 Hic
2288 3529 2503 3617 poeta
2554 3523 2922 3618 descripta·

541 3643 902 3722 oratione
949 3642 1416 3718 devotissima
1465 3643 1884 3738 illustrium,
1936 3644 2277 3719 describit
2336 3646 2684 3720 orationis
2734 3644 2921 3723 effe·-

571 3770 814 3858 ctum3
851 3769 926 3839 et
958 3763 1130 3858 quia
1169 3762 1496 3839 facturus
1531 3770 1645 3838 est
1675 3762 1996 3839 nobilem
2031 3763 2423 3859 fictionem,
2457 3767 2697 3861 primo
2736 3787 2917 3843 oon-

575 3884 790 3963 vertit
847 3904 1268 3961 sermonem
1329 3905 1552 3960 suum
1613 3883 1708 3961 ad
1769 3885 2211 3979 auditorem,
2274 3891 2367 3961 ut·
2422 3887 2677 3961 reddat
2734 3908 2923 3963 eum=

570 4010 958 4099 attentum,
985 4003 1270 4083 dicens:
1297 4025 1344 4077 o
1378 4007 1603 4095 letter,
1629 4024 1914 4095 ayuzza
1951 4008 2052 4095 αὴ·
2087 4009 2305 4096 oculei,
2342 4006 2543 4101 idest,
2568 4008 2925 4085 subtilem

570 4124 1138 4219 speculationem
1195 4124 1477 4217 mentiS,
1539 4126 1682 4216 qui,
1732 4124 1935 4219 idest,
1989 4126 2061 4199 in
2112 4126 2248 4203 isto
2298 4148 2537 4222 passu,
2590 4131 2669 4201 al
2714 4150 2911 4219 veno,

570 4244 774 4339 idest,
825 4245 919 4321 ad
970 4246 1354 4321 veritatem
1409 4246 1756 4326 latentem
1808 4246 1948 4323 suh
1989 4247 2221 4342 litera,
2256 4244 2379 4323 obe*
2404 4251 2457 4321 ’1
2502 4252 2676 4339 velo,
2727 4249 2919 4325 idest

569 4364 800 4460 litera,
843 4362 886 4440 e*
929 4386 1066 4439 ora
1115 4367 1242 4439 ben
1291 4373 1484 4440 canto
1533 4370 1776 4458 sonito,
1817 4366 2022 4461 idest,
2058 4362 2271 4443 clara
2298 4376 2383 4443 et·
2410 4376 2685 4465 aperta,
2720 4379 2925 4445 cerm.

568 4487 686 4560 clm
708 4488 761 4559 'l
790 4493 1194 4579 trapassar,
1220 4486 1514 4581 scilicet,
1548 4488 1936 4563 oculorum
1973 4486 2597 4583 intellectualium,
2634 4492 2911 4582 deno-o,

569 4606 839 4685 scilicet.
859 4607 952 4681 ad
979 4606 1636 4701 sententiam‚.quae
1661 4614 1772 4687 est
1806 4606 2092 4685 inclusa·
2116 4600 2347 4701 suh(²)
2379 4608 2909 4705 integumento,

569 4720 1004 4819 doleam,
1039 4734 1124 4803 et
1147 4746 1416 4805 venum
1457 4726 1666 4821 dicit3
1709 4748 1880 4807 nam
1933 4728 1994 4805 si
2042 4728 2209 4823 quis
2258 4730 2447 4805 bene
2498 4730 2919 4807 consideran

569 4846 938 4931 fictionem
989 4848 1555 4943 precedentem,
1591 4868 1726 4943 per.
1765 4868 1988 4941 quam
2025 4856 2240 4943 poeta
2274 4850 2587 4925 ostendit
2634 4851 2921 4927 oratio-

693 5096 750 5161 (¹)
781 5098 992 5150 Badeo
1023 5102 1248 5151 maxime
1279 5102 1524 5165 indigent.
1835 5100 1890 5165 (¹)
1921 5101 1982 5153 E.
2015 5102 2116 5155 sub
2146 5107 2449 5168 mammo
2482 5104 2781 5155 ruborum.
