4392 6850
1419 954 1510 1022 16
2135 961 2543 1018 commun
2595 960 3037 1016 runGA'ronu

1413 1109 1553 1184 huc
1615 1107 1740 1202 sic,
1795 1106 1996 1199 idest,
2050 1109 2547 1200 praeterquam
2598 1103 2695 1178 ab
2745 1105 2977 1179 Adam
3040 1109 3113 1180 et
3175 1104 3367 1198 Eva,
3438 1103 3567 1178 sed
3626 1102 3759 1178 ista

1409 1235 1521 1306 ost
1569 1226 1786 1302 nimis
1833 1225 2086 1300 stricta
2141 1225 2521 1319 expositio,
2572 1225 2747 1318 quia
2807 1223 3021 1318 primi
3086 1229 3427 1319 parentes
3494 1243 3755 1318 parum

1407 1353 1770 1424 steterunt
1830 1347 1902 1418 in
1971 1351 2166 1421 statu
2232 1345 2690 1440 innocentiae,
2750 1352 2829 1421 et
2896 1345 3109 1418 nimis
3174 1345 3391 1440 pauci
3458 1343 3763 1418 fuissent

1407 1469 1730 1543 cultores
1763 1467 2071 1540 istarum
2109 1465 2509 1561 virtutum3
2539 1473 2889 1542 ettamen
2920 1466 3167 1540 statim
3200 1465 3532 1540 ostendet
3560 1465 3758 1558 quod

1410 1588 1588 1664 Cato
1647 1587 1782 1662 ruit
1847 1587 2255 1662 illustratus
2312 1587 2439 1662 eiS.
2507 1588 2641 1662 Alii
2712 1593 3113 1682 exponunt,
3164 1594 3659 1681 praeterquam
3712 1605 3757 1660 a

1411 1708 1650 1805 prima
1699 1714 1944 1804 gente,
1997 1707 2181 1784 idest
2220 1709 2315 1783 ab
2363 1708 2781 1784 hominibus
2824 1708 3083 1803 primae
3130 1707 3385 1801 aetatis,
3428 1725 3598 1801 quae
3648 1705 3759 1780 di·-

1410 1829 1604 1906 citur
1654 1828 1876 1903 fuisse
1923 1849 2179 1924 aurea,
2231 1849 2401 1922 quae
2444 1827 2805 1926 ignoravit
2845 1829 3019 1903 vitia
3062 1835 3136 1904 et
3170 1828 3595 1902 innocenter
3628 1847 3757 1902 co-

1413 1952 1548 2026 luit
1598 1951 1952 2024 virtutes:
2005 1950 2131 2024 sed
2184 1950 2481 2044 quando
2531 1950 2665 2024 ista
2716 1955 2895 2024 aetas
2956 1950 3179 2024 fuerit
3242 1969 3389 2023 non
3439 1947 3755 2022 invenio.

1409 2070 1550 2146 Sed
1601 2070 1824 2145 credo
1875 2069 2072 2164 quod
2123 2076 2337 2164 poeta
2391 2070 2565 2145 velit
2596 2069 2867 2163 dicere,
2902 2070 3101 2163 quod
3142 2066 3390 2142 miseri
3426 2067 3755 2142 moderni

1407 2190 1880 2286 perdiderunt
1929 2190 2281 2264 visionem
2346 2189 2654 2264 istarum
2720 2195 3043 2285 quatuor
3106 2188 3509 2280 stellarum,
3574 2207 3759 2281 quas

1247 2302 1256 2310 ’
1403 2311 1684 2406 antiqui
1737 2311 1962 2384 nostri
2015 2311 2206 2384 bene
2256 2309 2623 2404 viderunt,
2662 2316 2738 2384 et
2772 2309 3119 2384 vixerunt
3168 2308 3631 2383 ambulantes
3660 2307 3755 2382 ad

1411 2434 1654 2509 lucem
1707 2452 1996 2524 earum,
2046 2431 2136 2504 ad
2189 2452 2377 2525 quas
2428 2438 2717 2505 caeterae
2782 2431 3092 2505 virtutes
3154 2429 3475 2504 morales
3538 2427 3756 2502 redu·-

1407 2559 1706 2645 cuntur,
1755 2552 1942 2626 sicut
1989 2551 2269 2645 antiqui
2335 2550 2643 2626 romani.
2698 2551 2903 2625 Unde
2966 2550 3419 2647 Augustinus
3477 2549 3605 2622 XV
3664 2548 3757 2624 de

1409 2672 1715 2748 Civitate
1764 2671 1939 2746 Dei:
1993 2673 2287 2744 ostendit
2330 2676 2519 2744 Deus
2564 2674 2643 2744 in
2691 2674 3203 2764 opulentissimo
3246 2691 3471 2761 regno
3511 2689 3759 2742 roma-

1408 2779 1664 2868 norum
1725 2797 2060 2882 quantum
2121 2792 2351 2864 civiles
2414 2793 2695 2866 tffirtutes
2760 2795 3043 2864 valeant
3102 2794 3309 2863 etiam
3376 2793 3525 2864 sine
3586 2809 3757 2862 vera

1406 2913 1742 3002 reliyione
1771 2935 1796 2982 .·
1859 2916 1934 2986 et
1993 2911 2242 3006 magni
2292 2901 2361 3002 (¹)
2428 2910 2827 3006 philosophi
2890 2916 2963 2984 et
3024 2917 3260 3005 poetae
3322 2921 3475 2987 tam
3538 2907 3757 3004 graeci

1409 3050 1634 3124 quam
1685 3030 1906 3105 latini.
1961 3032 2048 3103 Et
2097 3029 2233 3104 ista
2284 3030 2574 3104 videtur
2624 3049 2800 3105 vera
2854 3029 3157 3104 intentio
3208 3030 3507 3123 autoriS,
3561 3029 3757 3123 quod

1410 3151 1563 3246 ipse
1611 3151 1811 3226 clare
1863 3152 2274 3226 manifestat
2322 3151 2511 3226 inira
2558 3151 2878 3246 capitulo
2936 3150 3151 3246 VIIII,
3203 3150 3327 3225 ubi
3378 3151 3548 3224 dicit
3597 3150 3759 3223 Vir-

1279 3263 1290 3274 ’
1410 3271 1648 3368 giliuS,
1703 3270 1900 3364 quod
1951 3278 2094 3346 stat
2142 3293 2315 3346 cum
2370 3271 2507 3345 illis
2556 3271 2682 3365 qni
2734 3272 2946 3366 plene
3010 3277 3377 3347 noverunt
3436 3280 3755 3365 quatuor

1407 3391 1716 3467 virtutes
1765 3398 1902 3467 etc.
1958 3393 2045 3465 Et
2093 3390 2417 3468 declarat
2467 3391 2969 3468 excellentiam
3032 3392 3533 3488 pulcritudinis
3584 3392 3759 3467 ista-

1410 3532 1578 3586 rum
1633 3512 2010 3586 stellarum
2064 3511 2355 3587 dicens:
2407 3515 2631 3603 qoder
2668 3535 2947 3605 pareva
2996 3518 3051 3587 il
3096 3517 3225 3587 ciet
3270 3516 3345 3587 di
3391 3517 3505 3587 lor
3546 3516 3759 3606 fiam-

1409 3635 1640 3723 melle,
1708 3631 1878 3726 quia
1945 3632 2082 3705 viri
2153 3633 2485 3707 coelestes
2554 3632 2889 3707 illustrati
2956 3633 3175 3707 radiis
3234 3654 3523 3726 earum,
3590 3652 3757 3727 quae

1411 3750 1733 3846 dirigunt
1788 3752 2120 3825 homines
2169 3751 2261 3825 ad
2307 3752 2753 3845 felicitatem3
2792 3758 2865 3827 et
2916 3753 3089 3848 quia
3145 3752 3475 3828 moderni
3524 3752 3756 3827 desie-

1412 3878 1591 3945 runt
1641 3872 1886 3948 colere
1937 3893 2084 3969 eaS,
2127 3873 2293 3948 ideo
2334 3872 2577 3947 statim
2613 3881 2827 3967 poeta
2862 3894 2956 3949 ex
2996 3874 3251 3948 dolore
3300 3881 3374 3947 et
3424 3873 3755 3969 indigua·-

1413 3992 1610 4067 tione
1662 3992 2120 4089 indignanter
2169 3994 2574 4067 exclamat:
2620 4015 2691 4085 o,
2746 3993 2949 4087 idest,
2984 3993 3169 4081 dico,
3202 3996 3336 4067 sito
3367 3994 3757 4067 seltener-io-

1409 4116 1560 4205 παι,
1612 4134 1744 4208 per
1797 4116 1934 4189 hoc
1975 4113 2303 4211 intelligit
2342 4114 2602 4188 orbem
2646 4134 3043 4188 romanum
3084 4113 3585 4205 christianum,
3626 4112 3751 4205 qui

1409 4240 1520 4309 est
1570 4233 1850 4308 vicinus
1919 4241 2404 4308 tramontanae
2473 4242 2549 4309 et
2610 4236 2779 4330 polo
2843 4240 3093 4309 nostro
3161 4232 3754 4329 septemtrionali,

1409 4355 1578 4431 licet
1627 4360 1870 4449 posset
1921 4356 2128 4452 large
2178 4355 2479 4452 intelligi
2526 4354 2619 4430 de
2670 4354 3011 4430 omnibus
3072 4354 3551 4429 incolentibus
3601 4361 3753 4429 ter·-

1412 4495 1574 4551 ram
1631 4482 1956 4551 nostram
2009 4476 2507 4571 habitabilem,
2550 4476 2679 4571 qui
2730 4496 2986 4551 omnes
3038 4474 3285 4550 vident
3334 4474 3571 4569 ipsum
3624 4497 3757 4570 po-

1413 4596 1596 4689 lum,
1650 4595 1819 4671 licet
1868 4596 2102 4693 magis
2152 4596 2781 4693 septemtrionales
2814 4604 2889 4671 et
2922 4596 3425 4690 occidentaleS,
3466 4598 3755 4687 vedovo,

1411 4715 1618 4809 idest,
1668 4714 2049 4791 viduatum
2105 4724 2180 4791 et
2239 4716 2628 4811 spoliatum
2694 4722 2897 4791 tanta
2958 4714 3289 4790 claritate
3338 4716 3755 4808 stellarum3

1339 4840 1346 4845 ’
1415 4836 1612 4911 unde
1645 4834 1852 4910 dicit:
1896 4840 2026 4929 poi
2071 4840 2190 4911 che
2232 4840 2515 4929 privato
2562 4840 2657 4909 se’
2680 4838 2757 4909 di
2803 4838 3013 4909 veder
3058 4838 3753 4927 quelleJ—Com’io.

1541 5083 1600 5148 (¹)
1633 5084 1694 5135 E.
1727 5090 1782 5135 et
1813 5087 1992 5150 magis.
