4392 6850
1487 962 1630 1029 282
1851 1024 1856 1031 ,
2212 969 2619 1027 conam-uu
2668 972 3105 1027 punem-ona

1481 1115 1862 1191 communi
1919 1114 2134 1190 modo
2188 1114 2557 1208 loquendi,
2602 1114 2777 1208 quia
2826 1114 2885 1187 si
2934 1114 3217 1189 associo
3273 1134 3505 1189 unum
3556 1136 3603 1190 a
3656 1114 3829 1188 sini·-

1482 1243 1658 1327 stra,
1713 1237 1832 1312 ille
1880 1242 2118 1332 potest
2165 1236 2447 1311 dicere:
2499 1236 2737 1311 babeo
2788 1242 2863 1310 te
2920 1234 3124 1329 ideo;
3174 1234 3367 1311 bene
3421 1236 3631 1311 dicit:
3698 1236 3821 1331 qui

1484 1358 1800 1433 babebat
1837 1377 1996 1433 me:
2037 1378 2184 1431 non
2218 1366 2410 1431 tener
2434 1378 2579 1450 pur
2626 1360 2701 1430 la
2732 1364 2977 1447 mente,
3012 1356 3218 1450 idest,
3252 1357 3821 1452 speculationem

1485 1479 1904 1573 mentalem,
1930 1482 2032 1551 ad
2053 1499 2150 1551 un
2175 1481 2357 1569 loco,
2390 1477 2599 1572 idest,
2634 1478 2873 1551 solum
2909 1476 3003 1550 ad
3040 1474 3528 1551 humilitatem
3563 1477 3824 1552 Christi

1481 1604 1560 1673 et
1608 1599 1873 1693 Mariae,
1936 1599 2124 1674 forte
2185 1598 2385 1673 enim
2435 1599 2667 1673 lector
2716 1598 2937 1673 huius
3001 1596 3163 1671 libri
3232 1604 3474 1692 posset
3532 1597 3819 1673 dicere:

1481 1738 1624 1815 ego
1676 1741 1821 1794 non
1871 1741 2038 1793 sum
2091 1720 2441 1814 ChristuS,
2486 1738 2631 1793 non
2666 1718 2913 1812 Maria,
2954 1718 3081 1813 qui
3134 1738 3443 1813 peccare
3493 1738 3641 1793 non
3692 1738 3823 1813 po-

1482 1844 1836 1933 tuerunt3
1887 1838 2052 1913 ideo
2102 1844 2319 1933 poeta
2369 1838 2662 1912 adducit
2692 1829 2765 1929 (¹)
2834 1837 2909 1911 in
2972 1838 3396 1933 exemplum
3452 1838 3822 1913 bumilita—

1483 1964 1634 2033 tem
1689 1959 2357 2054 potentissimorum
2426 1956 2857 2053 principum,
2910 1958 3038 2051 qui
3097 1958 3500 2053 potuissent
3562 1956 3824 2033 melius

1485 2078 1592 2152 uti
1639 2078 1982 2174 superbia
2035 2100 2259 2173 quam
2318 2078 2523 2151 multi
2576 2077 3079 2173 superbientes
3112 2077 3207 2153 de
3244 2078 3489 2152 nihilo.
3526 2079 3615 2151 Et
3648 2078 3821 2151 sub-

1479 2198 1608 2291 dit,
1659 2198 2030 2293 quomodo
2081 2198 2505 2273 obedienter
2537 2196 2973 2293 disposuerit
3004 2216 3085 2272 se
3124 2196 3218 2273 ad
3253 2197 3643 2273 videndum
3681 2200 3821 2272 hu-

1487 2337 1784 2392 manam
1835 2318 2322 2393 humilitatem
2374 2317 2701 2411 alteriue,
2747 2317 3037 2392 dicens:
3081 2320 3415 2410 percle'io
3470 2322 3567 2391 mi
3613 2321 3829 2392 morsi

1481 2441 1596 2512 col
1643 2442 1816 2531 viso,
1867 2438 2159 2534 scilicet,
2194 2437 2688 2531 intellectuali,
2739 2458 2778 2510 e
2830 2440 3045 2511 vedeo
3078 2440 3153 2510 di
3188 2444 3384 2511 retro
3422 2439 3523 2511 da
3552 2442 3817 2530 Maria,

1485 2558 1689 2653 idest,
1757 2565 1920 2653 post
1979 2559 2355 2633 historiam
2425 2558 2691 2652 Mariae,
2761 2580 2895 2651 per
2956 2562 3187 2651 quella
3250 2565 3470 2650 costa,
3533 2558 3819 2654 scilicet,

1481 2678 1770 2771 dextra,
1821 2679 1894 2752 in
1961 2699 2359 2771 marmore,
2418 2682 2599 2752 onde
2656 2680 2901 2753 m’era
2962 2681 3145 2752 colui
3206 2680 3327 2751 che
3384 2682 3481 2751 mi
3552 2698 3819 2773 movea,

1484 2794 1688 2891 idest,
1742 2797 1994 2891 David,
2057 2798 2181 2893 qui
2248 2804 2410 2872 erat
2476 2799 2835 2895 figuratus
2900 2798 2992 2873 ibi
3066 2799 3138 2873 in
3196 2798 3456 2875 eadem
3528 2808 3728 2874 costa
3776 2820 3818 2875 a

1481 2916 1784 3011 dextra3
1837 2925 1912 2992 et
1953 2938 2098 2993 non
2149 2918 2347 2992 dicas
2397 2919 2585 2993 sicut
2628 2920 2863 3013 multi,
2904 2920 3101 3013 quod
3143 2918 3505 3016 Virgilius,
3540 2921 3659 2994 vel
3692 2940 3819 2995 eor

1483 3057 1704 3111 suum
1763 3038 2104 3112 movebat
2153 3058 2357 3132 eum,
2410 3040 2580 3133 quia
2634 3047 2810 3114 tunc
2852 3046 3067 3135 poeta
3106 3040 3637 3115 contradiceret
3686 3040 3820 3115 sibi

1485 3176 1658 3231 cum
1731 3157 1888 3251 jam
1965 3156 2255 3251 dixerit,
2318 3158 2515 3252 quod
2574 3158 2915 3256 Virgilius
2990 3165 3152 3233 erat
3224 3157 3358 3231 sibi
3423 3179 3468 3232 a
3536 3158 3821 3233 sinistra

1489 3275 1614 3350 ubi
1665 3283 1778 3350 est
1825 3296 1956 3351 cor
2007 3277 2339 3350 hominis
2392 3277 2693 3359 Videbat
2744 3296 2948 3373 ergo,
2988 3280 3102 3350 κη’
3120 3280 3315 3351 altra
3360 3280 3609 3351 istoria
3640 3282 3824 3353 nelca

1485 3399 1726 3471 νοσσία
1789 3400 2112 3491 imposta,
2185 3397 2391 3492 idest,
2454 3396 2527 3472 in
2592 3397 2747 3494 ripa
2806 3398 3290 3494 insculptam.;
3350 3399 3547 3475 unde
3606 3399 3819 3475 dicitz

1479 3521 1812 3612 perch’io
1872 3521 2122 3592 varcai
2200 3521 2509 3611 Virmlio,
2580 3520 2753 3614 quia
2822 3520 3013 3594 traxi
3090 3539 3212 3594 me
3284 3527 3457 3596 ante
3522 3541 3722 3615 eum,
3786 3543 3825 3595 e

1479 3642 1673 3736 se’mi
1708 3661 1987 3732 presso,
2057 3639 2156 3712 illi
2208 3639 2525 3714 historiae
2590 3639 2954 3734 secundae,
3018 3633 3215 3714 accio
3262 3643 3383 3714 che
3439 3646 3628 3736 fosse
3674 3644 3831 3734 0912·

1485 3763 1678 3834 occlaei
1726 3762 1860 3832 mei
1907 3763 2242 3853 disposta,
2294 3759 2500 3854 idest,
2552 3766 2636 3833 ut
2686 3760 2948 3835 melius
2998 3766 3071 3835 et
3130 3761 3441 3835 habilius
3496 3761 3825 3837 conside-

1487 3900 1732 3954 rarem
1787 3899 1975 3954 eam.
2003 3919 2104 3934 —
2128 3885 2302 3953 Era.
2356 3879 2485 3954 Hic
2536 3887 2747 3974 poeta
2782 3879 3123 3954 describit
3156 3880 3384 3976 ipsam
3422 3881 3817 3956 historiam.

1484 4000 1590 4074 Ad
1641 4001 1854 4074 cuius
1906 4000 2452 4096 intelligentiam
2504 4000 2729 4076 debes
2778 4000 3101 4076 breviter
3140 4001 3352 4096 scire,
3387 4001 3587 4096 quod
3636 4003 3822 4076 sicut

1483 4119 1828 4194 scribitur
1880 4119 2065 4193 libro
2097 4119 2160 4191 ΙΙ
2191 4121 2503 4216 Regum,
2538 4127 2613 4194 et
2646 4119 3007 4216 colligitur
3040 4141 3172 4216 per
3206 4121 3599 4217 Iosephum
3638 4122 3820 4196 libro

1483 4239 2039 4334 Antiquitatum,
2080 4239 2333 4333 David,
2374 4246 2669 4314 mortuo
2695 4239 2869 4313 Saul
2912 4259 3090 4336 rege
3122 4241 3672 4336 superbissimo,
3708 4241 3815 4316 fin-

1483 4366 1646 4435 ctus
1699 4381 1830 4435 rex
1881 4361 2357 4457 congregavit
2406 4380 2665 4434 omnes
2714 4361 2950 4436 cleros
2990 4359 3233 4455 Israel,
3273 4367 3355 4434 ut
3394 4362 3820 4436 transferret

1483 4479 1748 4554 Arcam
1801 4480 2086 4555 Domini
2138 4481 2211 4554 in
2262 4481 2625 4556 civitatem
2681 4502 2894 4556 suam
2946 4479 3163 4577 Syon.
3220 4481 3511 4577 Accepit
3566 4489 3817 4557 autem

1483 4621 1650 4678 eam
1702 4603 1796 4677 de
1843 4602 2064 4676 domo
2115 4602 2517 4698 Aminadab
2570 4602 2689 4675 filii
2740 4602 2917 4677 Saul
2952 4603 3080 4696 qui
3115 4608 3275 4677 erat
3316 4601 3387 4676 in
3436 4602 3712 4697 Gabaa,
3746 4609 3823 4678 et

1486 4721 1682 4796 illam
1735 4721 2041 4816 positam
2093 4722 2166 4795 in
2220 4722 2545 4817 plaustro
2590 4743 2783 4797 novo
2816 4721 3135 4798 ducebat
3180 4743 3353 4797 cum
3404 4743 3677 4820 magno
3712 4723 3819 4798 fe-

1481 4848 1596 4916 sto
1647 4841 1722 4914 in
1769 4842 1969 4916 omni
2019 4862 2297 4940 genere
2351 4841 2825 4916 musicorum.
2878 4843 3024 4916 Oza
3079 4863 3259 4918 vero
3309 4849 3383 4917 et
3432 4842 3657 4918 Acbia
3700 4843 3819 4916 filii

1609 5099 1666 5163 (¹)
1698 5099 1759 5150 B.
1791 5099 2018 5152 adduxit.
