4392 6850
1340 838 1619 895 CANTUS
1669 840 2071 894 vicesimus.
2697 868 2700 875 ·
2735 830 2876 895 529

528 990 688 1058 cat:
738 984 833 1057 ad
882 983 1469 1059 emendationem
1538 984 2031 1079 occupationis
2089 984 2482 1079 provinciae
2535 986 2880 1062 mactavit

534 1104 930 1178 inhumane
957 1096 1031 1195 (¹)
1110 1103 1626 1178 Conradinum.
1706 1104 1794 1177 Et
1870 1103 1984 1178 hic
2058 1110 2263 1199 nota,
2340 1106 2636 1199 lector,'
2677 1086 2875 1201 quod

536 1224 745 1298 valde
820 1224 1048 1298 miror
1122 1223 1215 1299 de
1289 1224 1751 1319 quibusdam,
1814 1226 1943 1319 qui
2010 1234 2341 1321 arguunt
2407 1232 2700 1321 poetam
2763 1225 2874 1300 di—

534 1348 803 1437 centeS,
854 1342 1052 1438 quod
1103 1342 1367 1419 iniuste
1427 1344 1729 1419 infamat
1776 1346 2063 1441 J‘ustum
2128 1366 2404 1441 regem.
2467 1347 2608 1421 Sed
2672 1352 2874 1422 certe

540 1484 684 1537 non
732 1464 980 1558 culpat
1028 1464 1101 1537 in
1152 1484 1245 1537 eo
1296 1484 1439 1539 non
1508 1464 1889 1560 culpanda.
1943 1467 2197 1541 Nonne
2237 1467 2395 1561 jam
2449 1466 2684 1562 ipsum
2739 1486 2870 1562 po—

534 1584 682 1657 suit
727 1583 1045 1681 gloriose
1094 1584 1283 1685 inter
1332 1604 1545 1680 reges
1604 1590 1680 1659 et
1744 1585 2102 1681 principes
2165 1587 2617 1681 christianOS,
2677 1598 2871 1665 tam-

536 1724 761 1798 quam
812 1704 1135 1800 pugilem
1186 1704 1573 1778 Ecclesiae?
1620 1702 1763 1779 Sed
1803 1710 2008 1779 certe
2040 1706 2238 1783 hunc
2271 1712 2520 1781 actum
2557 1706 2872 1781 ,damna-

535 1830 803 1898 verunt
849 1844 1107 1899 omnes
1157 1824 1515 1919 sapientes
1564 1829 1641 1898 et
1686 1824 1906 1898 amici
1958 1824 2218 1899 Caroli.
2273 1825 2456 1898 Nam
2510 1826 2874 1900 Robertus
2979 1890 2988 1897 .

530 1943 723 2017 filius
760 1944 1047 2019 comitis
1077 1943 1453 2039 Flandriae,
1486 1966 1719 2041 gener
1754 1945 1975 2040 ipsius
2009 1945 2274 2039 Caroli,
2309 1946 2668 2021 transfixit
2705 1966 2873 2019 mu-

530 2083 759 2138 crone
824 2063 1125 2158 impune
1183 2064 1508 2159 judicem
1580 2063 1705 2159 qui
1775 2065 2047 2139 tulerat
2117 2065 2338 2139 talem
2413 2065 2869 2141 sententiam.

532 2186 788 2259 Nonne
839 2183 955 2259 hic
1005 2184 1309 2259 Carolus
1358 2185 1803 2287 impunitum
1849 2185 2011 2259 tulit
2060 2185 2469 2261 Guidonem
2523 2186 2616 2261 de
2669 2188 2872 2259 Mon-

531 2306 717 2381 forte
764 2304 893 2399 qui
944 2305 1303 2381 interfecit
1350 2306 1976 2403 consanguineum
2033 2305 2225 2403 regis
2275 2306 2552 2403 Angliae
2585 2307 2662 2381 in
2695 2324 2870 2404 gre-

532 2426 679 2501 mio
729 2426 907 2507 Dei?
956 2427 1214 2501 Nonne
1262 2425 1775 2522 condemnavit
1830 2426 1925 2501 ad
1987 2433 2427 2521 perpetuum
2488 2443 2865 2501 carcerem

533 2546 913 2620 dominum
965 2546 1363 2621 Henricum
1414 2546 1717 2620 fratrem
1772 2547 1965 2643 regis
2014 2546 2393 2641 Hispaniae,
2430 2546 2870 2641 consangui-

538 2686 760 2741 neum
812 2665 1059 2761 ipsius,
1108 2686 1333 2760 quem
1388 2672 1634 2741 tamen
1684 2667 1958 2742 fecerat
2006 2666 2137 2741 sibi
2190 2667 2474 2741 hostem
2512 2686 2644 2761 per
2689 2688 2870 2740 ava-

536 2786 804 2880 ritiam,
837 2805 1009 2860 cum
1046 2786 1269 2861 nollet
1306 2785 1437 2861 sibi
1474 2785 1783 2861 reddere
1812 2770 2158 2882 magnam
2194 2786 2606 2880 pecuniam,
2641 2804 2866 2879 quam

536 2912 797 2981 mutuo
862 2907 1223 2983 habuerat
1279 2908 1373 2981 ab
1430 2912 1581 2981 eo?
1638 2907 1895 2981 Nonne
1961 2904 2328 3001 prohibuit
2380 2912 2460 2979 ut
2512 2906 2629 2980 ille
2677 2906 2868 2981 obti-

534 3033 744 3103 neret
791 3028 1197 3103 Sardiniam
1249 3028 1353 3103 ab
1404 3026 1723 3102 Ecclesia
1744 3032 1777 3099 i*
1824 3026 2099 3101 Deinde
2152 3026 2382 3122 tangit
2443 3026 2659 3100 aliam
2712 3026 2869 3099 vio-

534 3148 829 3223 lentiam
890 3170 1296 3225 enormem.
1356 3147 1465 3223 Ad
1524 3148 1737 3223 cuius
1786 3146 2332 3243 intelligentiam
2386 3147 2608 3222 debes
2657 3148 2867 3242 scire,

532 3268 727 3361 quod
777 3269 1081 3344 Carolus
1131 3270 1515 3365 praedictus
1565 3268 1839 3343 habens
1886 3274 2312 3362 suspectum
2367 3267 2724 3343 Thomam
2775 3269 2871 3343 de

530 3388 815 3484 Aquino
848 3388 1119 3464 ordinis
1152 3388 1738 3486 praedicatorum,
1766 3388 1883 3463 vel
1916 3386 2093 3481 quia
2124 3385 2530 3462 offenderat
2563 3388 2868 3464 comites

528 3512 1109 3606 consanguineos
1142 3511 1323 3605 eiuS,
1360 3511 1478 3585 vel
1512 3510 1685 3604 quia
1718 3510 2034 3584 Thomas
2066 3509 2308 3582 iturus
2345 3509 2438 3583 ad
2480 3507 2864 3584 concilium

528 3632 874 3727 generale
925 3631 999 3704 in
1050 3629 1353 3705 Galliam
1418 3629 1865 3726 Lugdunum
1928 3629 2292 3703 habuerat
2353 3627 2620 3721 dicere,
2672 3627 2868 3721 quod

528 3771 677 3826 non
726 3757 1001 3826 taceret
1050 3750 1554 3844 oppressiones
1616 3747 2182 3844 regnicolarum,
2244 3748 2510 3822 timens
2576 3747 2707 3820 sibi
2773 3747 2868 3820 ab

528 3871 676 3964 illo,
725 3872 893 3947 fecit
940 3891 1119 3946 eum
1173 3869 1519 3945 venenari
1570 3871 1643 3943 in
1697 3869 1813 3943 via
1864 3889 1997 3964 per
2030 3867 2428 3962 quemdam
2481 3865 2861 3963 physicum

528 3991 963 4066 familiarem
1010 4010 1273 4082 suum3
1309 3989 1436 4084 qui
1473 3996 1811 4062 mortuus
1842 3994 1954 4062 est
1986 3986 2183 4082 apud
2214 3987 2588 4061 abbatiam
2626 3983 2866 4059 Fossae

530 4113 753 4188 Novae
802 4113 874 4186 in
926 4130 1178 4206 regno.
1232 4109 1416 4184 Dicit
1478 4129 1704 4206 ergo:
1756 4130 1795 4181 e
1838 4111 1985 4201 poi,
2038 4107 2159 4183 ille
2221 4107 2551 4201 CaroluS,
2607 4108 2869 4198 ripinse

530 4235 611 4333 al
636 4235 767 4306 ciel
804 4237 1199 4319 TommasO,
1234 4230 1407 4324 quia
1442 4229 1555 4301 vir
1590 4233 1883 4302 sanctus
1918 4227 2176 4302 redivit
2210 4227 2302 4300 ad
2337 4227 2633 4319 coelum,
2671 4223 2868 4299 unde

533 4358 858 4447 venerat,
899 4374 1037 4444 per
1102 4353 1475 4424 ammenda
1499 4375 1532 4442 ,·
1590 4347 1915 4442 loquitur
1990 4346 2288 4440 ironice,
2351 4347 2560 4442 quasi
2627 4345 2863 4420 dicat:

528 4473 623 4549 ad
672 4471 1259 4548 emendationem
1310 4470 1569 4566 primae
1618 4467 1952 4561 victimae,
1996 4487 2221 4561 quam
2274 4467 2551 4540 fecerat
2600 4464 2865 4561 gladi0,

525 4593 937 4669 immolavit
992 4590 1219 4666 alium
1269 4591 1623 4686 juvenem
1684 4587 2059 4662 doctorem
2124 4605 2429 4662 veneno.
2483 4584 2624 4660 Sed
2666 4587 2868 4680 justo

520 4713 795 4810 judicio
823 4704 899 4804 (²)
938 4713 1245 4786 Carolus
1292 4715 1464 4783 ante
1514 4713 1830 4781 mortem
1884 4707 2139 4781 habuit
2188 4725 2454 4802 magna
2483 4696 2558 4796 (³)
2603 4704 2869 4780 adver—

654 4974 711 5036 (')
744 4978 853 5034 11⁷,
886 4973 1253 5024 inhumaniter.
1440 4969 1495 5034 (“)
1531 4974 1639 5031 117,
1663 4967 1862 5033 jndicio
1893 4967 1987 5018 Dei
2018 4965 2249 5018 Carolus.
2437 4963 2494 5027 θ)
2523 4963 2574 5016 S.
2605 4963 2788 5014 multa.

795 5080 875 5123 111.
2545 5071 2600 5113 84
