4392 6850
1463 973 1608 1041 414
2187 983 2595 1039 comm-uu
2642 983 3085 1046 runemonu

1463 1129 1751 1204 niemus
1787 1149 1919 1204 nos
1949 1133 2333 1204 amantes?
2378 1127 2566 1203 Dicit
2616 1148 2838 1225 ergo:
2875 1129 3061 1219 Indi,
3102 1127 3309 1223 idest,
3341 1127 3603 1203 deinde
3642 1135 3805 1224 post

1461 1243 1787 1345 Mariam,
1851 1251 1940 1324 m’
1966 1271 2308 1344 apparve,
2342 1249 2417 1324 in
2468 1249 2727 1324 eadem
2772 1248 3071 1345 visione,
3105 1251 3223 1322 tm'
3250 1252 3469 1342 altra,
3508 1248 3803 1344 scilicet,

1460 1369 1755 1444 domina
1811 1392 2002 1446 uxor
2051 1369 2427 1464 Pisistrati,
2480 1391 2613 1442 con
2662 1373 2861 1462 quell'
2880 1391 3122 1462 acque,
3174 1369 3380 1464 idest,
3432 1369 3801 1466 lacrymis,

1337 1478 1345 1486 ’
1459 1485 1582 1582 9ίύ
1623 1512 1756 1582 per
1805 1493 1866 1564 le
1913 1499 2111 1584 you-,-
2161 1489 2453 1564 dolebat
2502 1489 2698 1564 enim
2752 1489 2965 1566 aliter
3016 1511 3242 1584 quam
3296 1489 3549 1583 Maria,
3590 1490 3703 1564 ira
3730 1481 3803 1582 (¹)

1465 1605 1552 1685 et'
1591 1610 2107 1706 indignatione,
2143 1609 2309 1684 ideo
2348 1608 2553 1685 dicit:
2596 1612 2717 1682 che
2739 1613 2793 1683 'l
2818 1611 3027 1683 dolor
3064 1611 3350 1703 cli-stilla,
3389 1610 3561 1704 quia
3602 1609 3810 1684 dolor

1469 1737 1861 1824 extorquet
1911 1731 2278 1828 lacrymas
2310 1729 2407 1804 ab
2438 1731 2669 1804 oculis
2718 1729 3108 1826 praecipue,
3144 1733 3429 1822 quando
3449 1752 3587 1823 per
3619 1751 3807 1823 yran

1463 1851 1754 1942 dsspetto
1800 1855 1875 1924 in
1923 1853 2142 1924 altrui
2169 1871 2461 1943 uaeque,
2497 1849 2793 1946 scilicet,
2826 1849 2945 1924 ille
2978 1850 3208 1924 dolor.
3234 1891 3335 1904 —
3358 1855 3425 1924 E
3460 1852 3636 1924 dire.
3680 1850 3806 1925 Hic

1465 1977 1682 2066 poeta
1731 1971 1934 2066 ponit
1981 1971 2389 2046 orationem
2443 1970 2773 2045 mulieris
2823 1970 2916 2044 ad
2966 1970 3237 2065 virum,
3291 1991 3437 2064 qua
3498 1991 3805 2066 persua·

1464 2089 1590 2165 det
1641 2091 2029 2166 vindictam
2084 2089 2409 2184 iniuriae3
2464 2091 2659 2166 unde
2706 2090 2913 2165 dicit:
2966 2095 3033 2164 E
3074 2092 3256 2182 dire,
3292 2091 3571 2186 supple,
3606 2090 3805 2166 vide-

1465 2209 1689 2284 batur
1738 2210 1856 2286 illa
1907 2211 2237 2286 domina:
2283 2215 2345 2285 Ο
2376 2213 2774 2304 Hsiscrato,
2810 2213 3099 2284 vendica
3132 2218 3197 2284 te
3226 2213 3304 2283 di
3329 2213 3551 2302 quelle
3598 2212 3804 2285 brac-

1464 2333 1577 2404 cia
1625 2335 1854 2406 ardice
1901 2335 2003 2405 ck'
2029 2333 2451 2404 abbracciar
2500 2339 2750 2404 nostra
2791 2333 3014 2426 fiylia.
3066 2331 3156 2404 Et
3204 2331 3467 2426 probat
3504 2331 3705 2425 quod
3734 2323 3803 2425 (’)

1465 2451 1680 2526 debet
1729 2451 1996 2547 facere,
2044 2459 2118 2526 et
2163 2451 2334 2526 facit
2393 2451 2697 2526 faciliter
2754 2450 3173 2544 vindictam,
3235 2449 3409 2544 quia
3469 2451 3809 2526 dominus

1465 2573 2006 2668 potentissimus
2057 2572 2521 2647 nobilissimae
2570 2571 2879 2646 civitatis
2916 2571 3397 2667 Athenarum,
3430 2571 3643 2646 cuins
3675 2594 3809 2648 ex-

1469 2692 1853 2766 cellentem
1909 2692 2358 2767 nobilitatem
2398 2691 2629 2789 tangit
2660 2691 2929 2788 duplici
2963 2697 3447 2786 argument03
3483 2693 3720 2788 primo
3761 2714 3803 2767 a

1467 2811 1784 2886 nominis
1817 2811 2279 2906 impositione
2312 2810 2787 2906 miraculosa3
2848 2810 3170 2886 secundo
3211 2831 3259 2884 a
3299 2811 3537 2886 studio
3578 2812 3811 2888 scien-

1469 2931 1765 3006 tiarum.
1819 2933 1908 3006 Et
1955 2932 2048 3008 ad
2101 2932 2322 3006 huius
2354 2933 2589 3008 literae
2624 2931 3168 3028 intelligentiam
3208 2933 3376 3006 volo
3409 2938 3484 3006 te
3524 2921 3805 3030 notare,

1466 3052 1751 3126 omissis
1801 3052 2083 3146 sabuliS‚
2137 3052 2335 3146 quod
2398 3051 2850 3148 Augustinus
2910 3051 3155 3126 scribit
3206 3051 3427 3125 XVIII
3475 3053 3567 3128 de
3618 3053 3809 3128 Civi-

1466 3180 1616 3248 tate
1665 3174 1817 3270 Dei,
1853 3173 2052 3268 quod
2087 3179 2445 3271 regnante
2480 3193 2657 3270 rege
2689 3172 3015 3269 Cecrope
3054 3173 3308 3248 civitas
3351 3173 3807 3248 Athenarum

1463 3294 1752 3369 condita
1809 3295 1927 3369 vel
1987 3299 2399 3369 restaurata
2460 3292 2616 3387 suit,
2670 3313 2838 3387 quae
2902 3292 3003 3367 sic
3066 3293 3535 3368 denominata
3606 3301 3719 3369 est
3766 3317 3811 3369 a

1465 3415 1811 3510 Minerva,
1849 3436 2017 3510 quae
2067 3434 2311 3512 graece
2359 3413 2639 3489 Athena
2672 3413 2959 3489 dicitur.
2998 3413 3089 3487 Et
3126 3414 3346 3488 huius
3372 3404 3447 3507 (⁸)
3491 3414 3596 3491 rei
3630 3437 3811 3491 cau-

1467 3556 1626 3611 sam
1675 3537 1997 3634 assignat
2031 3535 2439 3611 secundum
2474 3536 2919 3630 Varronem3
2956 3556 3129 3610 nam
3176 3541 3515 3630 tempore
3548 3536 3817 3612 Cecro-

1467 3656 1575 3753 pis
1623 3657 1772 3732 duo
1823 3656 2152 3753 prodigia
2204 3644 2559 3752 stupenda
2609 3662 3135 3751 apparuerunt.
3186 3654 3462 3751 Unum,
3514 3656 3687 3751 quia
3744 3656 3816 3730 in

1471 3796 1622 3851 uno
1673 3778 1836 3851 loco
1887 3776 2128 3852 subito
2178 3782 2352 3851 nata
2402 3782 2515 3849 aet
2564 3774 2789 3850 arbor
2822 3774 3034 3849 olivae
3070 3794 3162 3849 ex
3197 3781 3438 3869 terra3
3480 3775 3520 3819 *
3546 3776 3619 3849 in
3673 3776 3817 3851 alio

1469 3916 1665 3989 aqua
1731 3896 1974 3970 subito
2041 3895 2285 3991 erupit
2352 3916 2444 3970 ex
2496 3900 2697 3969 terra
2722 3896 2765 3941 *
2792 3882 2911 3987 (⁸):
2964 3894 3232 3989 quibus
3284 3895 3627 3993 prodigiis
3681 3916 3815 3973 rex

1472 4023 1718 4091 motus
1779 4016 1973 4090 misit
2034 4016 2127 4091 ad
2185 4016 2589 4112 Apollinem
2642 4015 3069 4111 Delphicum
3130 4016 3223 4090 ad
3274 4017 3813 4113 explorandum

1471 4136 1646 4232 quid
1691 4142 1884 4211 esset
1925 4136 2501 4232 intelligendum,
2537 4141 2615 4211 et
2662 4134 2837 4231 quid
2886 4135 3280 4231 agendum.
3332 4136 3461 4213 Ille
3510 4156 3816 4233 respon-

1468 4258 1573 4333 dit
1656 4257 1855 4353 quod
1937 4257 2129 4332 oliva
2219 4254 2671 4352 significabat
2752 4255 3151 4331 Minervam
3172 4310 3192 4350 ‚
3267 4278 3464 4351 aqua
3542 4258 3817 4354 Neptu-

1473 4398 1698 4473 num3
1752 4385 1826 4453 et
1882 4376 2082 4473 quod
2132 4383 2296 4451 erat
2346 4377 2420 4449 in
2462 4381 2821 4471 potestate
2860 4374 3157 4472 civium,
3218 4398 3265 4451 a
3322 4398 3472 4473 quo
3520 4378 3817 4455 nomine

1470 4500 1794 4575 duorum
1846 4498 2155 4573 deorum
2210 4498 2463 4573 civitas
2513 4496 2752 4592 potius
2802 4509 3224 4575 vocaretur.
3290 4497 3629 4594 Cecrops„
3680 4492 3849 4575 au-'

1469 4619 1623 4694 dito
1687 4640 2038 4715 responso
2083 4610 2184 4713 (⁵),
2238 4618 2482 4693 statim
2558 4638 2817 4717 omnes
2881 4616 3077 4692 cives
3144 4616 3531 4712 utriusque
3598 4640 3821 4695 sexus

1591 4803 1649 4869 (¹)
1686 4809 1794 4865 11⁷,
1828 4818 1894 4855 cx
1927 4804 2006 4855 ira
2037 4811 2092 4856 ct
2125 4804 2501 4869 indignatione.

1595 4881 1654 4945 (⁸)
1687 4884 1793 4941 11⁷,
1827 4881 1968 4945 quod
1999 4882 2185 4933 debeat
2214 4886 2270 4932 ct
2300 4882 2461 4945 possit
2491 4880 2665 4933 facero
2696 4880 2919 4934 faciliter
2952 4884 3249 4936 vindictam.

1601 4956 1656 5021 (⁸)
1687 4957 1746 5007 E.
1781 4958 1934 5009 huius
1965 4959 2223 5009 rationem
2254 4960 2494 5023 νείφει.

1601 5034 1656 5099 (⁸)
1687 5036 1762 5085 Le
1791 5036 1972 5098 parole
2001 5034 2082 5086 rra
2112 5037 2130 5086 l
2163 5036 2267 5087 dno
2299 5036 2565 5087 aster-isch}
2598 5050 2691 5087 son
2722 5036 2946 5102 supputo
2977 5038 3115 5103 dagli
3147 5038 3267 5089 altri
3296 5036 3488 5089 Codici.

1605 5112 1661 5175 (⁸)
1693 5110 1755 5161 Β.
1787 5122 2036 5175 responso
2067 5112 2341 5177 ApollInls,
2374 5114 2565 5166 statim.
