4392 6850
1447 945 1590 1014 238
2162 955 2571 1012 commun
2621 953 3067 1012 PunuA'ronu

1441 1107 1553 1182 Dii
1603 1107 1910 1182 scientes
1962 1107 2240 1181 bonum
2278 1113 2353 1181 et
2387 1106 2711 1200 malum3
2748 1126 2877 1180 era
2911 1107 3009 1178 da
3042 1104 3271 1196 quella
3299 1109 3511 1196 parte
3544 1109 3791 1196 aperta

1440 1229 1621 1300 onde
1669 1229 1742 1301 la
1783 1228 2170 1320 piccioletca
2221 1229 2426 1318 valle,
2462 1231 2769 1320 semota,
2807 1229 3064 1299 cavata
3099 1223 3174 1298 in
3210 1230 3463 1298 monte
3512 1223 3587 1297 in
3640 1243 3785 1318 qua

1441 1347 1731 1421 stabant
1777 1347 2046 1421 animae
2096 1347 2435 1421 virorum
2486 1345 2904 1439 illustrium,
2956 1365 3103 1418 non
3140 1345 3235 1416 Ιια
3274 1346 3553 1436 riparo,
3588 1342 3792 1439 idest,

1446 1467 1620 1562 quia
1671 1487 1820 1542 non
1868 1467 2090 1543 habet
2142 1474 2469 1542 montem
2530 1466 2972 1563 oppositum,
3024 1484 3175 1539 non
3232 1464 3528 1559 aliquod
3590 1465 3795 1540 clau-

1445 1593 1686 1660 strum
1736 1588 1854 1664 vel
1917 1587 2427 1682 obstaculum3
2482 1587 2641 1662 vult
2700 1585 2967 1680 dicere,
3020 1585 3219 1680 quod
3282 1605 3585 1680 serpens
3650 1605 3795 1661 non

1448 1706 1790 1782 veniebat
1823 1707 2139 1803 desuper
2174 1728 2307 1803 per
2344 1713 2699 1802 montem,
2734 1727 2873 1782 nec
2905 1707 3001 1780 ab
3034 1705 3283 1800 aliquo
3318 1706 3548 1781 latere
3582 1726 3795 1781 mon-

1450 1829 1564 1923 tis,
1607 1829 1734 1903 ubi
1769 1835 1980 1904 erant
2013 1829 2164 1904 duo
2197 1829 2439 1924 angeli
2472 1827 2739 1904 armati
2774 1826 3233 1902 lucidissimis
3265 1827 3507 1923 spatis,
3546 1848 3797 1923 prom-

1447 1949 1548 2046 pti
1600 1949 1694 2024 ad
1741 1949 2267 2044 defensionem,
2320 1948 2447 2024 sed
2506 1949 2747 2023 solum
2813 1946 3155 2022 veniebat
3214 1967 3475 2022 versus
3523 1947 3795 2022 ostium

1449 2069 1657 2144 vallis
1723 2090 1856 2166 per
1919 2070 2115 2144 viam
2176 2070 2493 2165 planam,
2544 2069 2963 2144 herbosam.
3014 2068 3103 2142 Et
3162 2074 3333 2143 nota
3397 2067 3597 2162 quod
3662 2068 3799 2142 sub

1448 2189 1586 2265 ista
1639 2191 1893 2284 pulcra
1945 2189 2237 2266 fictione
2273 2196 2489 2285 poeta
2526 2189 2797 2286 figurat
2838 2188 3215 2265 moraliter
3256 2188 3455 2283 quod
3496 2188 3801 2263 tentatio

1448 2311 1941 2407 principaliter
1991 2310 2265 2386 invadit
2313 2311 2691 2386 hominem
2750 2311 2845 2385 ab
2897 2331 2986 2386 ea
3040 2316 3274 2405 parte,
3326 2329 3475 2405 qua
3524 2308 3803 2384 invenit

1453 2451 1628 2506 eum
1706 2431 1940 2528 magis
2015 2430 2493 2505 immunitum
2566 2437 2643 2506 et
2718 2431 3167 2526 imparatum
3208 2424 3308 2524 (¹),
3373 2430 3547 2524 quia
3614 2427 3804 2504 scili-

1453 2557 1571 2627 cet
1618 2551 1950 2625 diabolus
1999 2550 2382 2625 luxurioso
2432 2549 2747 2626 ostendit
2795 2551 3129 2647 pulcram
3180 2549 3583 2645 foeminam,
3636 2569 3803 2645 quae

1453 2670 1676 2746 habet
1725 2689 2072 2768 magnam
2123 2675 2559 2766 potestatem
2610 2669 2686 2744 in
2735 2669 3160 2763 hominem3
3212 2690 3443 2745 avaro
3494 2667 3803 2745 ostendit

1455 2811 1806 2888 magnam
1857 2790 2272 2886 pecuniam,
2310 2811 2479 2886 quae
2525 2791 2775 2865 omnia
2825 2795 3063 2885 potest
3092 2781 3191 2883 (²).
3236 2789 3589 2865 Veniebat
3622 2809 3803 2886 ergo

1461 2911 1752 2988 daemon
1805 2931 2004 2986 nunc
2065 2917 2399 2986 armatus
2450 2912 2545 2985 ad
2608 2909 3039 2986 tentandum
3101 2909 3275 2984 istos
3334 2910 3609 2985 nobiles
3660 2909 3804 3006 spi-

1462 3035 1652 3110 ritus
1690 3033 1912 3108 variis
1959 3031 2509 3108 delectabilibus
2539 3021 2639 3127 (³),
2692 3039 2868 3129 puta
2923 3053 3157 3106 unum
3204 3031 3522 3127 luxuria,
3574 3031 3800 3106 alium

1462 3154 1808 3251 potentia,
1884 3153 2108 3227 alium
2177 3151 2459 3250 gloria3
2538 3153 2734 3228 unde
2804 3151 3021 3228 dicit:
3086 3155 3161 3227 la
3236 3156 3429 3226 mala
3502 3154 3804 3243 stt-fiscia,

1459 3274 1667 3368 idest,
1719 3273 2069 3349 meretrix
2132 3272 2326 3367 trita,
2389 3292 2561 3368 quae
2618 3272 2893 3348 inducit
2950 3274 3327 3348 hominem
3396 3272 3490 3348 ad
3561 3273 3805 3348 omnia

1459 3397 1681 3490 mala,
1733 3397 1937 3469 venia
2007 3401 2124 3469 tra
2187 3397 2233 3469 l’
2259 3395 2431 3469 erbo
2494 3415 2535 3469 e
2590 3397 2619 3469 i
2672 3397 2867 3489 fiori,
2934 3394 3105 3490 quia
3182 3395 3487 3470 tentatio
3544 3393 3809 3493 ingerit

1459 3536 1540 3592 se
1589 3516 1856 3591 blande
1903 3516 2095 3591 inter
2143 3516 2439 3592 delicias
2488 3522 2565 3591 et
2614 3515 3131 3592 delectationes
3166 3517 3431 3612 variaS,
3466 3518 3808 3609 vomendo

1461 3640 1563 3711 ad
1618 3658 1756 3710 ora
1813 3639 1916 3711 ad
1961 3658 2050 3711 or
2111 3640 2184 3711 la
2244 3642 2415 3710 testa
2476 3657 2514 3709 e
2575 3640 2632 3710 il
2692 3640 2931 3729 dossO,
2986 3643 3069 3711 ut
3140 3636 3395 3712 reddat
3444 3658 3525 3713 se
3576 3642 3805 3712 totam

1462 3757 1796 3855 pulcram
1851 3764 1922 3832 et
1972 3756 2480 3854 appetibilem3
2530 3755 2697 3831 ideo
2746 3755 2949 3832 dicit:
2986 3760 3317 3831 leocando
3358 3778 3551 3831 come
3598 3759 3811 3831 bestia

1461 3881 1583 3953 che
1645 3882 1710 3951 si
1772 3880 1986 3952 liscia.
2062 3878 2349 3953 Lissare
2416 3884 2529 3954 est
2592 3878 2973 3973 proprium
3048 3877 3446 3953 mulierum
3518 3878 3809 3973 quando

1463 3998 1718 4075 fucant
1763 4018 1846 4073 se
1894 4005 1969 4073 et
2018 4004 2327 4073 comunt
2376 4006 2461 4073 ut
2510 3998 2746 4095 magis
2794 3998 3149 4094 placeant.
3178 4002 3397 4071 -Io.
3432 3998 3563 4073 Hic
3596 4004 3809 4095 poeta

1463 4118 1822 4213 descripta
1875 4118 2343 4193 insultatione
2392 4118 2751 4213 serpentis
2790 4116 3151 4213 insidiosa,
3181 4118 3521 4193 describit
3558 4119 3811 4194 desen-

1464 4237 1746 4313 sionem
1797 4238 2279 4333 angelorum3
2331 4236 2503 4313 dicit
2552 4258 2775 4334 ergo:
2812 4241 2895 4310 10
2936 4240 3063 4310 nol
3109 4240 3278 4330 vidi,
3311 4259 3352 4312 e
3392 4232 3573 4331 pero
3620 4241 3808 4315 dicer

1463 4360 1590 4431 nol
1639 4377 1879 4449 posse,
1941 4377 2132 4453 come
2192 4376 2461 4431 messer
2536 4359 2589 4432 li
2647 4359 2874 4430 astori
2935 4359 3281 4449 celestiali,
3341 4357 3549 4452 idest,
3626 4378 3811 4453 quo-

1463 4476 1686 4552 modo
1735 4476 1979 4573 angeli
2027 4483 2497 4551 recesserunt
2545 4475 2637 4551 de
2687 4476 2848 4551 loco
2890 4474 3019 4549 ubi
3060 4482 3271 4563 erant
3310 4477 3519 4573 positi
3554 4478 3645 4553 ad
3682 4499 3814 4555 cu-

1467 4596 1800 4692 stodiam,
1837 4597 1964 4691 qui
2015 4596 2282 4672 merito
2334 4596 2831 4671 assimilantur
2868 4596 3152 4693 avibuS,
3207 4598 3382 4692 quia
3432 4605 3605 4673 sunt
3646 4598 3812 4674 alati

1469 4723 1547 4792 et
1592 4715 2048 4811 velocissimi,
2099 4724 2186 4790 ut
2236 4715 2501 4793 totiens
2546 4717 2825 4792 dictum
2876 4725 3012 4813 est,
3063 4725 3137 4795 et
3193 4718 3483 4795 dicetur
3547 4719 3621 4793 in
3680 4720 3853 4795 isto·

1467 4837 1932 4935 Purgatorio,
1987 4843 2060 4911 et
2107 4838 2478 4934 praecipue
2510 4837 2905 4934 asturibus,
2942 4838 3115 4933 quia
3136 4828 3209 4932 (ὅ)
3248 4845 3421 4913 sunt
3452 4838 3629 4915 aves
3664 4840 3809 4915 for-

1593 5024 1650 5087 (¹)
1681 5024 1732 5075 S.
1767 5025 2082 5088 imperitum.
2800 5024 2857 5089 (²)
2892 5028 2951 5077 E.
2986 5032 3156 5091 potest
3186 5029 3474 5080 ostendere.
3510 5028 3775 5083 Veniebat.

1597 5100 1650 5162 (⁸)
1684 5105 1776 5151 11⁷
1807 5114 1838 5152 e
1871 5102 1934 5153 E.
1968 5101 2408 5167 delectationibus,
2444 5108 2504 5154 ut
2534 5108 2675 5167 puta.
2802 5101 2857 5167 (⁸)
2887 5103 2951 5155 Ε.
2982 5104 3073 5168 qul
3104 5109 3240 5155 sunt.
