4392 6850
1477 935 1622 1000 406
2192 945 2603 1002 couENTuu
2650 944 3091 1000 PURGATonn

1474 1097 1593 1165 tra
1637 1093 1714 1164 in
1757 1093 1960 1181 iqua!
2001 1097 2246 1182 wacta,
2280 1090 2483 1186 idest,
2518 1091 2597 1164 in
2644 1090 3007 1185 aequalem
3058 1089 3353 1164 lineam.
3403 1087 3513 1163 Ad
3552 1089 3813 1165 intelli-

1471 1209 1794 1306 gentiam
1847 1211 2123 1286 claram
2175 1210 2386 1284 istius
2444 1210 2677 1285 literae
2736 1209 3098 1303 obscurae,
3150 1215 3325 1283 nota
3380 1209 3581 1303 quod
3630 1209 3813 1284 sicut

1471 1330 1720 1405 scribit
1763 1331 2104 1406 Albertus
2136 1331 2327 1406 libro
2358 1331 2453 1406 de
2484 1329 3051 1426 proprietatibus
3089 1330 3657 1424 elementorum,
3692 1351 3813 1406 ω-

1470 1472 1598 1524 sus
1646 1451 1898 1547 lapidis
1948 1458 2060 1527 est
2108 1451 2301 1526 linea
2350 1448 3049 1546 perpendiculariter
3098 1448 3394 1524 inducta
3450 1470 3499 1524 a
3556 1457 3809 1526 centro
3940 1463 3947 1468 ·

1470 1573 1642 1646 solis
1691 1592 1914 1668 super
1961 1573 2197 1668 capita
2250 1571 2669 1646 hominum:
2724 1571 2881 1644 haec
2940 1575 3195 1644 autem
3256 1570 3445 1646 linea
3504 1577 3811 1646 vocatur

1471 1694 1970 1789 metaphorice
2045 1714 2259 1768 casus
2334 1692 2611 1788 lapidiS,
2662 1711 2757 1766 eo
2804 1690 3005 1784 quod
3054 1689 3231 1786 lapis
3280 1697 3393 1766 est
3440 1691 3809 1786 quodlibet

1469 1814 1891 1910 simpliciter
1939 1835 2172 1911 grave
2221 1814 2413 1890 cadit
2470 1812 2773 1888 inferius
2840 1810 3557 1906 perpendiculariter.
3612 1812 3809 1888 Unde

1455 1935 1642 2010 -dicit
1689 1936 1811 2030 ibi,
1863 1936 2062 2030 quod
2110 1935 2459 2030 aethiopes
2503 1933 2913 2008 habitantes
2960 1932 3151 2007 inter
3202 1933 3567 2029 tropicum
3618 1933 3807 2008 assti-

1467 2075 1648 2130 vum
1701 2063 1778 2130 et
1825 2055 2411 2150 aequinoctialem
2468 2053 2737 2128 habent
2770 2051 2958 2127 duas
2990 2052 3463 2128 calidissimas
3498 2059 3803 2146 aestatae,

1469 2176 1644 2273 quia
1694 2176 1802 2251 sol
1834 2177 1946 2251 bis
1979 2175 2373 2271 pertransit
2404 2195 2661 2250 casum
2698 2173 2951 2268 lapidis
2984 2193 3207 2269 super
3240 2173 3476 2269 capita
3518 2193 3801 2248 eorum.

1465 2297 1669 2372 Sicut
1717 2318 1764 2370 a
1815 2296 2028 2370 simili
2079 2303 2295 2392 poeta
2320 2287 2397 2388 (¹)
2444 2294 2737 2370 videtur
2766 2293 2884 2367 hic
2917 2292 3188 2387 dicere,
3222 2292 3420 2387 quod
3464 2292 3645 2368 radii
3676 2314 3807 2368 an-

1463 2418 1608 2516 geli
1673 2425 1870 2494 recte
1927 2416 2355 2492 ceciderunt
2409 2436 2585 2490 cum
2648 2433 2919 2510 magno
2982 2415 3231 2488 calore
3290 2419 3365 2488 et
3424 2413 3807 2508 splendore

1465 2559 1690 2633 super
1739 2537 2001 2613 faciem
2036 2558 2277 2630 suam,
2312 2555 2463 2630 quo
2496 2534 2945 2630 stupefactus
2984 2540 3115 2609 est.
3152 2535 3241 2606 Et
3272 2532 3482 2608 dicit:
3518 2525 3579 2606 si
3617 2555 3805 2606 come

1467 2665 1737 2731 mostra
1786 2660 2243 2751 espmmzia,
2292 2655 2467 2749 quia
2500 2655 2605 2730 sic
2652 2653 2989 2729 videmus
3020 2653 3115 2728 ad
3148 2653 3477 2747 oculum,
3522 2660 3589 2725 ec
3618 2661 3794 2746 arte,

1463 2777 1760 2872 scilicet,
1795 2776 2275 2874 prospectiva,
2310 2797 2480 2871 quae
2514 2775 2780 2871 partim
2818 2781 3093 2870 spectat
3126 2773 3221 2848 ad
3255 2773 3799 2869 philosophiam,

1460 2899 1726 2994 partim
1779 2899 1874 2973 ad
1921 2896 2432 2996 geometriam.
2486 2897 2575 2970 Et
2622 2895 2742 2970 hic
2790 2903 2985 2989 nota,
3021 2893 3221 2989 quod
3262 2914 3487 2969 omne
3534 2914 3801 2988 corpus

1459 3019 1724 3093 emittit
1771 3019 1868 3095 de
1915 3039 1996 3095 se
2049 3018 2291 3094 radios
2340 3017 2413 3091 in
2462 3037 2753 3109 aerem3
2800 3015 2929 3090 sed
2979 3015 3151 3109 quia
3186 3003 3319 3090 aer
3366 3020 3477 3088 est
3526 3035 3793 3111 corpus

1457 3138 1832 3232 invisibile,
1869 3158 2018 3213 non
2050 3142 2407 3234 apparent
2436 3127 2546 3229 (ῆι
2583 3135 2712 3210 sed
2745 3135 2819 3208 in
2860 3133 3157 3230 speculo
3194 3133 3793 3229 multiplicantur,

1455 3265 1530 3332 et
1565 3258 1881 3334 reddunt
1919 3257 2316 3354 imaginem
2352 3255 2839 3331 diversimode
2872 3260 3144 3347 tamen,
3178 3260 3259 3326 ut
3290 3261 3489 3349 patet
3524 3255 3599 3329 in
3634 3275 3800 3351 spe-

1455 3376 1624 3453 culo
1673 3398 2008 3453 convexo
2058 3377 2275 3473 plano
2324 3381 2401 3451 et
2448 3395 2796 3451 concavo.
2834 3375 2922 3449 Et
2954 3373 3157 3471 ponit
3194 3373 3539 3450 effectum
3577 3375 3797 3450 huius

1455 3497 2094 3591 reverberationiS,
2144 3496 2431 3571 dicens:
2475 3492 2733 3591 perche?
2776 3518 2826 3569 a
2868 3498 3117 3589 sicyon-
3174 3497 3247 3568 la
3300 3499 3445 3569 mia
3494 3498 3675 3569 vista
3720 3499 3799 3590 su

1451 3625 1672 3710 rana,
1722 3618 1896 3714 quia
1946 3616 2181 3691 virtus
2233 3616 2462 3691 visiva
2510 3616 2703 3691 oculi
2752 3615 3021 3689 infirmi
3068 3637 3217 3690 non
3252 3616 3482 3691 valuit
3530 3615 3799 3689 substi-

1453 3760 1635 3813 nere
1694 3744 1980 3813 tantum
2049 3756 2437 3813 excessum
2498 3736 2921 3832 splendoris,
2950 3776 3051 3789 —
3080 3738 3215 3809 0}oe
3272 3732 3329 3810 ε’.
3390 3735 3521 3809 Hic
3586 3742 3797 3831 poeta

1454 3859 1764 3935 ostendit
1797 3858 2114 3953 qualiter
2147 3858 2600 3953 stupefactus
2650 3857 2893 3933 subito
2926 3856 3265 3953 petiverit
3294 3848 3369 3949 (³)
3407 3857 3501 3931 de
3537 3878 3621 3933 re
3656 3857 3795 3931 mi-

1451 3980 1682 4074 rabili,
1735 3979 2019 4055 dicens:
2078 3980 2246 4053 dsss'
2269 3981 2369 4070 io,
2430 3977 2724 4072 scilicet,
2774 3977 3111 4074 Virgilio:
3176 3998 3221 4050 o
3288 3980 3485 4051 dolce
3536 3981 3793 4071 padre,

1447 4098 1523 4172 in
1573 4100 1798 4175 rebus
1849 4098 2042 4175 enim
2097 4098 2338 4173 dubiis
2378 4098 2706 4192 loquitur
2740 4098 3096 4194 blandiuS,
3148 4100 3268 4172 che
3300 4091 3343 4173 e*
3370 4101 3551 4190 quel,
3586 4098 3791 4191 idest,

1447 4220 1670 4314 quale
1719 4219 1998 4314 lumen,
2039 4240 2088 4291 a
2137 4220 2259 4292 che
2300 4238 2447 4291 non
2470 4239 2687 4311 posso
2716 4220 3055 4293 sehet-mir
3093 4221 3165 4292 lo
3203 4222 3375 4312 vise,
3420 4218 3627 4311 idest,
3662 4218 3791 4293 de-

1446 4339 1746 4415 fendere
1796 4359 1972 4413 cum
2024 4343 2176 4413 toto
2229 4344 2441 4411 scuto
2490 4337 2807 4434 solechii,
2858 4346 3053 4413 canto
3093 4342 3211 4413 che
3252 4343 3349 4411 mi
3388 4342 3655 4430 naalia,
3708 4346 3789 4412 ut

1445 4460 1714 4555 possim
1768 4458 2135 4555 respicere
2184 4459 2305 4533 vel
2355 4478 2800 4555 cognoscere
2850 4458 3113 4555 ipsum.
3164 4460 3253 4533 Et
3302 4459 3510 4534 dicit:
3562 4480 3603 4531 e
3638 4480 3791 4552 par

1443 4583 1518 4653 in
1552 4576 1674 4653 ver
1707 4600 1816 4653 me
1859 4600 2085 4671 essene
2134 4599 2387 4651 mosso.
2440 4578 2529 4651 Et
2576 4579 2682 4654 sic
2732 4587 2893 4655 erat
2942 4580 3017 4653 in
3072 4580 3177 4655 rei
3231 4580 3563 4673 veritate,
3616 4580 3789 4673 quia

1443 4700 1750 4797 angelus
1801 4698 2208 4773 luminosus
2260 4705 2465 4773 recte
2516 4698 2859 4776 veniebat
2907 4706 3164 4776 contra
3226 4720 3427 4775 eum.
3482 4698 3569 4772 Et
3620 4706 3789 4775 nota

1443 4818 1644 4913 quod
1679 4840 1946 4915 magna
1981 4826 2142 4893 arte
2172 4825 2397 4894 autor
2430 4819 2807 4915 descripsit
2834 4808 2907 4912 (⁴)
2948 4820 3177 4921 istum
3214 4819 3623 4895 secundum
3656 4842 3786 4895 an-

1567 5010 1622 5067 (¹)
1652 5007 1714 5058 E.
1749 5014 1898 5071 poeta
1932 5012 2127 5059 noeoer.
2396 5004 2451 5067 (⁸)
2484 5006 2547 5057 E.
2580 5020 2685 5058 non
2716 5014 2965 5071 apparent
2996 5010 3125 5059 radii
3156 5008 3284 5068 eius,
3318 5007 3407 5057 sed
3440 5008 3495 5057 in
3527 5006 3749 5070 speculo.

1567 5083 1621 5145 (⁸)
1649 5083 1702 5134 S.
1737 5084 1934 5147 petivit.
2403 5083 2459 5145 (⁸)
2490 5084 2543 5134 S.
2576 5083 2834 5136 describit.
