4392 6850
1403 1007 1682 1063 CAN-rus
1730 1008 2054 1062 munus,
2807 993 2901 1060 95

554 1163 665 1230 est
714 1177 1055 1232 accessus
1106 1154 1199 1229 ad
1251 1154 1599 1229 virtutem
1654 1154 1728 1227 in
1778 1152 2148 1249 principio.
2206 1153 2313 1226 Ad
2346 1153 2636 1228 literam
2688 1138 2904 1249 erg03

555 1274 724 1350 dicit
773 1278 1047 1352 Poeta:
1101 1278 1175 1349 la
1226 1278 1340 1348 via
1380 1269 1510 1368 pit}
1560 1278 1849 1365 diserta,
1886 1278 1958 1347 la
2001 1269 2124 1368 piei
2158 1277 2445 1365 romita,
2497 1274 2701 1370 idest,
2760 1276 2907 1350 alta

553 1404 631 1472 et
697 1413 983 1494 aspera,
1047 1403 1163 1471 tra
1224 1400 1461 1470 Lerice
1525 1418 1563 1470 e
1639 1397 1925 1486 Turbia,
1989 1395 2247 1471 Lerice
2306 1402 2417 1470 est
2483 1417 2633 1499 una
2704 1401 2907 1470 terra

543 1519 1020 1616 januensium
1076 1511 1148 1610 (¹)
1211 1518 1285 1591 in
1344 1517 1612 1612 riperia
1661 1537 1922 1591 versus
1970 1517 2381 1591 orientem:
2450 1517 2745 1611 Turbia‚
2798 1522 2906 1591 est

562 1659 793 1712 unum
847 1638 1226 1713 castellum
1292 1618 1768 1710 fortissimum
1839 1637 1910 1710 in
1975 1635 2119 1712 fine
2183 1636 2404 1710 Italiae
2465 1637 2540 1709 in
2604 1635 2901 1710 introitu

558 1758 952 1855 provinciae
1028 1778 1253 1853 super
1329 1759 1773 1852 Monacum3
1849 1776 2025 1831 vere
2100 1755 2402 1850 Turbia,
2471 1756 2680 1851 quasi
2746 1763 2907 1830 tur-

561 1877 744 1952 bans
793 1878 991 1952 viam
1044 1877 1456 1952 volentibus
1505 1877 1784 1952 intrare
1834 1875 1952 1950 vel
2002 1874 2208 1950 exire
2258 1875 2569 1970 Italiam3
2614 1882 2687 1949 et
2729 1895 2907 1951 vere

562 1998 694 2092 qui
743 1997 911 2073 fecit
960 1999 1093 2074 ista
1143 1998 1406 2072 itinera
1455 1996 1796 2092 alpestria
1833 1995 2118 2092 riperiae
2151 1994 2408 2070 Januae
2442 2002 2678 2091 potest
2719 1995 2909 2069 ima-

560 2118 824 2216 ginari,
878 2119 1075 2214 quod
1126 2124 1340 2214 poeta
1393 2139 1541 2192 non
1591 2122 1880 2213 poterat
1929 2116 2192 2191 melius
2244 2115 2662 2211 exprimere
2695 2136 2909 2210 aspe-

563 2237 861 2313 ritatem
914 2241 1244 2314 locorum
1280 2259 1414 2334 per
1449 2259 1617 2333 quae
1659 2237 2026 2312 habebant
2061 2234 2281 2310 modo
2316 2235 2463 2330 ire;
2509 2235 2673 2310 ideo
2706 2235 2906 2310 dicit:

559 2356 604 2434 e*
674 2381 821 2432 una
883 2363 1080 2434 scala
1139 2362 1428 2451 ayevole
1491 2365 1558 2432 et
1617 2365 1891 2450 aperta,
1957 2356 2162 2450 idest,
2240 2355 2469 2462 facilis·
2532 2363 2607 2431 et
2675 2357 2911 2453 plana,

568 2501 769 2552 verso
819 2481 896 2552 di
942 2483 1197 2573 quella,
1249 2478 1454 2573 idest,
1508 2483 1846 2573 respectu
1885 2467 1956 2570 (²)
2011 2476 2201 2549 illius
2254 2476 2428 2571 ripae
2482 2477 2770 2551 montis.
2824 2477 2914 2550 Et

568 2619 746 2673 vere
796 2599 1217 2674 difficillima
1267 2599 1561 2673 videtur
1609 2596 1730 2672 via
1779 2597 2128 2672 recedere
2166 2618 2212 2671 a
2263 2594 2534 2671 deliciis
2576 2597 2913 2692 volupta-

572 2726 728 2794 tum
781 2719 874 2794 ad
935 2718 1436 2814 poenitentiam
1494 2724 1568 2793 et
1620 2716 2155 2814 purgationem.
2183 2756 2283 2770 —
2318 2720 2422 2792 Or
2470 2719 2578 2790 chi
2623 2739 2729 2790 sa.
2784 2715 2914 2790 Hic

571 2846 788 2936 poeta
839 2839 1149 2913 ostendit
1201 2836 1572 2932 quomodo
1623 2835 1963 2932 Virgilius
2014 2836 2319 2932 coeperit
2380 2837 2756 2931 inquirere
2822 2835 2915 2911 de

570 2959 686 3034 via
739 2957 1069 3033 habiliori
1124 2957 1216 3033 ad
1265 2978 1678 3032 ascensum.
1746 2955 1929 3029 Dicit
1986 2975 2218 3052 ergo:
2284 2958 2467 3033 disse
2506 2958 2558 3050 ’ζ
2610 2965 2914 3030 maestro

573 3084 737 3172 mie,
757 3080 1025 3155 scilicet
1051 3079 1416 3176 VirgiliuS,
1429 3080 1807 3173 sermondo
1831 3080 1886 3150 il
1893 3097 2142 3170 pass0,
2169 3075 2440 3151 scilicet
2467 3098 2612 3151 non
2646 3078 2914 3172 eund0‚

571 3223 660 3274 or
708 3203 817 3274 chi
863 3222 949 3273 sa
999 3203 1097 3274 da
1147 3202 1317 3292 qual
1362 3219 1528 3271 man
1582 3201 1654 3271 la
1702 3204 1894 3271 costa
1942 3200 2129 3288 cala,
2165 3196 2371 3285 idest,
2424 3219 2466 3272 a
2509 3219 2657 3293 qua
2708 3204 2917 3294 parte

574 3342 784 3395 mons
853 3326 963 3396 est
1011 3319 1443 3416 proclivior!
1495 3318 1583 3391 Et
1646 3316 1973 3411 loquitur
2035 3317 2471 3392 admirative
2536 3303 2917 3413 tamquam

574 3444 876 3541 ignarus
915 3442 1055 3518 loci
1095 3447 1168 3517 et
1219 3440 1520 3516 territus
1570 3440 1961 3534 asperitate
2002 3439 2180 3533 viae3
2220 3440 2416 3515 unde
2450 3439 2665 3514 dicit:
2710 3432 2770 3513 εὶ
2803 3442 2921 3513 che

569 3586 792 3659 possa
822 3567 1000 3638 salir
1032 3566 1142 3636 chi
1173 3584 1265 3635 va
1297 3564 1484 3634 senz'
1500 3564 1678 3634 ala?
1711 3561 1865 3635 Hoc
1905 3560 2076 3634 dicit
2111 3559 2453 3657 Virgilius
2504 3582 2637 3657 pro
2689 3561 2924 3636 Dante

573 3684 705 3779 qui
758 3704 904 3763 nou
955 3682 1268 3758 habebat
1319 3682 1415 3755 ibi
1468 3681 1621 3756 alas
1656 3680 1844 3755 sicut
1876 3680 2222 3777 AngeluS,
2262 3680 2411 3754 imo
2459 3681 2772 3756 habebat
2805 3702 2924 3756 se-

575 3825 751 3879 cum
802 3825 1067 3901 corpus
1117 3802 1534 3899 deprimens
1561 3792 1638 3894 (³)
1705 3807 1779 3876 et
1845 3800 2227 3876 retrahens
2277 3799 2651 3896 deorsum,
2710 3802 2923 3895 quasi

509 3924 514 3931 ’
574 3923 765 3999 dicat
799 3924 1038 4020 tacite,
1082 3923 1277 4018 quod
1329 3924 1553 3996 homo
1602 3921 1856 3996 vivens
1896 3920 1971 3994 in
2013 3940 2240 3995 carne
2274 3941 2421 3995 non
2462 3920 2680 3995 babet
2713 3922 2926 3996 intel-

576 4044 852 4119 lectum
903 4044 1345 4141 angelicum,
1397 4062 1533 4116 nec
1581 4047 1819 4137 potest
1869 4042 2122 4115 volare
2173 4039 2307 4114 nisi
2359 4062 2449 4116 eo
2502 4041 2721 4115 modo
2774 4062 2924 4136 quo

577 4162 866 4239 dicetur
918 4163 1103 4239 infra
1155 4163 1472 4258 capitulo
1525 4167 1791 4255 quarto
1844 4161 2201 4255 sequenti.
2264 4160 2353 4234 Et
2402 4161 2643 4235 subdit
2708 4168 2924 4255 poeta

579 4285 895 4379 qualiter
948 4283 1485 4358 intendentibus
1533 4282 1627 4356 ad
1676 4280 2256 4377 investigandam
2292 4281 2486 4356 viam
2523 4280 2923 4356 faciliorem

581 4404 1006 4499 supervenit
1067 4424 1259 4477 nova
1320 4401 1538 4476 turba
1606 4400 1922 4474 aliarum
1989 4400 2411 4474 animarum
2476 4400 2953 4475 venientium

467 4596 476 4603 .
585 4524 794 4600 valde
823 4525 1057 4599 lente.
1112 4523 1380 4598 Ordina
1440 4522 1543 4597 sic
1611 4522 1946 4597 literam:
2015 4542 2051 4594 e
2107 4542 2253 4595 una
2315 4521 2520 4594 turba
2576 4523 2646 4595 d'
2672 4522 2929 4610 anime,

584 4644 718 4719 ista
795 4651 957 4719 erat
1030 4628 1353 4719 secunda
1415 4648 1613 4718 secta
1669 4629 1743 4735 (⁴)
1828 4640 2351 4739 negligentium
2425 4640 2927 4736 poenitentiam

587 4785 825 4859 usque
875 4764 949 4837 in
999 4763 1246 4859 finem,
1298 4765 1418 4836 che
1465 4764 1781 4835 movieno
1830 4764 1858 4835 i
1900 4756 2020 4853 pie*
2065 4782 2190 4834 ver
2248 4762 2394 4851 noi,
2446 4759 2630 4834 idest
2678 4760 2953 4867 venie-⁶

707 4981 764 5042 (·)
799 4982 908 5041 117,
941 4980 1139 5031 Ianum.
1390 4978 1446 5043 (')
1479 4980 1540 5029 E.
1573 4982 1812 5042 respectu
1845 4976 1972 5041 rlpae
2004 4976 2146 5027 illius
2176 4977 2383 5027 montis.

711 5054 764 5118 (Ἴ
797 5055 860 5106 E.
894 5056 1182 5119 reprimens
1211 5062 1268 5107 et
1297 5056 1582 5107 retrahens.
1603 5080 1666 5093 —
1684 5054 1736 5103 S.
1766 5052 2060 5117 deprimens
2091 5057 2145 5103 et
2175 5051 2470 5102 detrahens.

711 5130 768 5194 (⁸)
799 5130 862 5182 E.
895 5131 1047 5181 turba
1078 5131 1466 5197 negligentium.
