4392 6850
2864 949 2953 1016 81

619 1341 947 1409 CANTUS
992 1340 1380 1422 TERTIUS,
1428 1343 1500 1406 in
1535 1361 1656 1424 quo
1687 1347 1924 1408 tractat
1951 1343 2113 1408 sicut
2145 1343 2397 1408 iverunt
2430 1363 2649 1410 versus
2681 1348 2965 1422 montem,

773 1454 880 1519 ubi
937 1453 1248 1538 Vir-filius
1293 1453 1578 1520 declamat
1621 1452 1833 1520 Danti
1877 1455 2281 1536 quaestionem
2325 1455 2402 1520 de
2446 1475 2705 1538 corpore
2748 1475 2862 1520 suo
2907 1461 2967 1520 et

775 1565 852 1630 de
883 1564 1127 1630 umbris
1160 1565 1447 1630 omnibus
1458 1588 1480 1645 ‚·
1513 1570 1574 1629 et
1611 1564 1683 1629 in
1715 1565 1845 1645 fine
1872 1566 2036 1630 sicut
2077 1567 2453 1631 invenerunt
2480 1568 2747 1649 spiritus
2773 1587 2965 1648 super

771 1681 1054 1755 montem,
1103 1683 1164 1742 et
1206 1677 1758 1760 interroyaverunt
1803 1695 1907 1742 eos
1952 1677 2029 1742 de
2073 1678 2317 1756 itinere,
2366 1683 2426 1744 et
2469 1680 2629 1745 siout
2673 1680 2964 1745 dominus

773 1787 1166 1871 Manfredus
1207 1791 1556 1872 imperator
1602 1789 1844 1854 locutus
1889 1793 1982 1854 est
2024 1790 2084 1853 εἰ
2125 1788 2462 1855 declarans
2492 1795 2733 1874 tmpus
2752 1794 2962 1874 pami-

782 1901 996 1966 tentioe
1043 1902 1497 1967 contumacium
1541 1906 1777 1967 sanctoe
1821 1899 2109 1966 ecclesioe.

768 2209 1190 2374 Aream
1204 2309 1349 2373 cun
1383 2307 1456 2377 la
1487 2304 1809 2378 subitana
1835 2307 2034 2397 fuya.
2065 2303 2461 2397 Postquam
2500 2301 2570 2375 in
2606 2299 2964 2397 superiori

620 2423 937 2518 capitulo
988 2422 1325 2516 proxime
1373 2422 1810 2518 praecedenti
1849 2429 2063 2517 poeta
2092 2415 2166 2516 (¹)
2214 2421 2553 2496 tractavit
2598 2427 2673 2496 et
2722 2421 2968 2494 deter-

621 2542 927 2618 minavit
965 2541 1060 2616 de
1094 2541 1328 2637 prima
1363 2544 1603 2637 specie
1641 2544 2138 2640 relegatorum
2177 2550 2390 2617 extra
2424 2541 2967 2638 purgatorium,

622 2663 750 2757 qui
801 2663 1096 2737 fuerant
1145 2662 1318 2736 lenti
1368 2664 1459 2736 ad
1511 2663 2014 2759 poenitentiam
2070 2683 2307 2756 usque
2356 2661 2449 2736 ad
2500 2668 2813 2735 mortem
2852 2680 2971 2734 se-

622 2782 818 2857 ducti
871 2804 1152 2880 magna·
1191 2783 1716 2878 delectatione3
1778 2805 1976 2858 nunc
2038 2789 2572 2878 consequenter
2638 2783 2711 2856 in
2776 2801 2967 2877 prae-

623 2903 810 3002 senti
868 2903 1086 2979 tertio
1145 2903 1461 2999 capitulo
1520 2905 1670 3001 agit
1728 2910 1802 2978 et
1864 2910 2127 2978 tractat
2186 2902 2279 2978 de
2342 2903 2663 2978 secunda
2726 2902 2967 2997 specie

626 3025 1124 3120 relegatorum
1179 3032 1390 3102 extra
1439 3025 1978 3120 purgatorium,
2033 3023 2158 3118 qui
2212 3024 2698 3121 neglexerunt
2750 3045 2963 3098 suam

625 3143 1176 3219 conversionem
1230 3145 1322 3219 ad
1358 3146 1592 3219 Deum
1629 3145 1968 3220 obstinati
1999 3136 2098 3238 (²),
2143 3165 2411 3241 magna
2460 3145 2967 3220 maledictione

625 3263 951 3339 ecclesiae
999 3265 1153 3361 Dei,
1207 3272 1281 3340 et
1330 3265 1431 3339 sic
1479 3265 1782 3361 gravius
1843 3265 2333 3359 deliquerunt.
2388 3265 2475 3337 Et
2525 3264 2716 3338 istud
2773 3263 2969 3358 capi-

627 3385 865 3459 tulum
935 3383 1204 3460 sufficit
1263 3384 1586 3461 dividere
1617 3376 1690 3479 (³)
1757 3385 1829 3459 in
1899 3391 2048 3461 tres
2115 3391 2359 3481 partes
2416 3386 2819 3482 generales
2890 3385 2969 3458 ln

626 3506 862 3599 prima
895 3526 1218 3599 quarum
1253 3512 1492 3599 poeta,
1532 3504 1967 3580 continuans
2001 3504 2387 3580 materiam
2431 3504 2967 3600 praecedentem

626 3626 982 3720 sequenti,
1033 3626 1323 3700 discutit
1375 3626 1734 3701 subtiliter
1789 3634 1863 3703 et
1912 3627 2202 3701 occulte
2236 3625 2386 3700 duo
2429 3625 2671 3699 dubia.
2724 3625 2807 3699 In
2856 3644 2973 3699 se·

627 3746 868 3821 cunda
917 3746 1255 3821 describit
1305 3746 1380 3821 in
1429 3748 1754 3843 generali
1805 3748 2026 3821 aliam
2081 3746 2378 3821 turbam
2427 3746 2847 3821 animarum
2899 3752 2971 3821 et

629 3886 876 3941 mores
925 3868 1209 3961 earum,
1263 3866 1408 3941 ibi:
1463 3872 1600 3941 Noi
1655 3866 2090 3941 divenimmo.
2155 3868 2237 3940 ln
2300 3866 2513 3942 tertia
2574 3873 2647 3939 et
2710 3866 2969 3941 ultima

627 3985 966 4061 describit
1026 3987 1097 4061 in
1162 3988 1450 4083 speciali
1510 3988 1832 4062 animam
1897 3987 2331 4061 modernam
2390 3985 2772 4059 cuiusdam
2834 3985 2969 4059 viri

627 4108 947 4203 illustriS‚
1001 4108 1129 4203 qui
1179 4129 1470 4203 semper
1538 4106 1675 4181 fuit
1742 4107 2028 4183 rebellis
2089 4106 2413 4182 ecclesiae
2464 4106 2539 4179 in
2589 4106 2761 4199 vita,
2824 4104 2970 4179 ibi:

628 4234 718 4302 Et
761 4250 859 4301 zm
908 4232 982 4302 di
1031 4231 1209 4301 loro,
1264 4228 1371 4302 Ad
1424 4228 1743 4324 primum
1782 4228 2079 4303 veniens
2112 4228 2275 4302 dico
2315 4228 2514 4321 quod
2550 4235 2765 4322 poeta
2800 4246 2973 4323 per-

630 4355 892 4423 tractat
917 4337 988 4441 (4)
1019 4348 1205 4424 duas
1238 4350 1698 4445 quaestioneS,
1725 4349 1850 4424 sed
1885 4355 2057 4423 ante
2089 4349 2225 4422 hoc
2260 4369 2393 4443 pro
2427 4346 2973 4422 continuatione

630 4467 1003 4562 praemittit
1053 4469 1586 4565 dispositionem
1643 4469 1758 4543 sui
1791 4474 1864 4545 et
1899 4468 2217 4565 Virgilii3
2255 4468 2425 4562 quia
2462 4468 2659 4544 enim
2695 4466 2972 4541 dictum

630 4596 792 4664 erat
842 4588 915 4662 in
975 4588 1121 4663 fine
1181 4590 1653 4684 praecedentis
1713 4588 2032 4684 capituli,
2092 4589 2292 4683 quod
2352 4589 2448 4663 illi
2511 4587 2805 4684 spiritus
2864 4585 2976 4658 in-

631 4709 908 4805 crepati
956 4731 1001 4784 a
1051 4709 1326 4785 Catone
1377 4731 1632 4785 omnes
1681 4710 2152 4805 aufugerant,
2204 4707 2367 4783 ideo
2419 4728 2615 4781 nunc
2667 4704 2979 4781 ostendit

632 4831 810 4927 quid
861 4832 1016 4927 ipse
1065 4832 1357 4907 fecerit:
1397 4853 1492 4907 ne
1541 4832 1730 4908 sorte
1778 4836 2074 4925 putares
2109 4829 2345 4924 ipsum
2383 4826 2866 4902 immiscuisse
2900 4844 2980 4898 se

757 5014 814 5080 (¹)
845 5016 897 5066 S.
929 5021 1080 5080 poeta
1109 5022 1304 5068 noster.
1661 5013 1718 5077 (¹)
1752 5016 1814 5066 E.
1847 5016 2190 5066 obstinatione
2223 5028 2333 5075 sua,
2368 5026 2572 5077 magna.

759 5093 812 5157 ζ’)
845 5098 954 5153 11⁷,
987 5094 1161 5146 dividi.
1666 5095 1720 5157 (⁸)
1753 5092 1806 5144 S.
1837 5097 2042 5144 tractat:

902 5203 980 5245 111.
2684 5197 2711 5237 8
2816 5220 2819 5223 ·
