<?xml version="1.0" encoding="UTF-8"?>
<!DOCTYPE html PUBLIC "-//W3C//DTD XHTML 1.0 Transitional//EN"
    "http://www.w3.org/TR/xhtml1/DTD/xhtml1-transitional.dtd">
<html xmlns="http://www.w3.org/1999/xhtml" xml:lang="en" lang="en">
 <head>
  <title>
</title>
<meta http-equiv="Content-Type" content="text/html;charset=utf-8" />
  <meta name='ocr-system' content='tesseract 3.04.00' />
  <meta name='ocr-capabilities' content='ocr_page ocr_carea ocr_par ocr_line ocrx_word'/>
</head>
<body>
  <div class='ocr_page' id='page_1' title='image "./comentumsuperda02unkngoog_0495.png"; bbox 0 0 4392 6850; ppageno 0'>
   <div class='ocr_carea' id='block_1_1' title="bbox 1480 958 3090 1023">
    <p class='ocr_par' dir='ltr' id='par_1_1' title="bbox 1480 958 3090 1023">
     <span class='ocr_line' id='line_1_1' title="bbox 1480 958 3090 1023; baseline -0.004 0"><span class='ocrx_word' id='word_1_1' title='bbox 1480 958 1623 1023; x_wconf 70' lang='lat'>474</span> <span class='ocrx_word' id='word_1_2' title='bbox 2196 965 2605 1021; x_wconf 63' lang='lat' dir='ltr'>commu</span> <span class='ocrx_word' id='word_1_3' title='bbox 2655 966 3090 1020; x_wconf 70' lang='lat' dir='ltr'>runuuomr</span> 
     </span>
    </p>
   </div>
   <div class='ocr_carea' id='block_1_2' title="bbox 1478 1342 3832 1765">
    <p class='ocr_par' dir='ltr' id='par_1_2' title="bbox 1478 1342 3832 1765">
     <span class='ocr_line' id='line_1_2' title="bbox 1478 1342 3819 1429; baseline 0 -18"><span class='ocrx_word' id='word_1_4' title='bbox 1478 1342 1807 1411; x_wconf 78' lang='lat' dir='ltr'>CANTUS</span> <span class='ocrx_word' id='word_1_5' title='bbox 1852 1342 2234 1415; x_wconf 83' lang='lat' dir='ltr'>DECIMUS</span> <span class='ocrx_word' id='word_1_6' title='bbox 2279 1343 2688 1429; x_wconf 81' lang='lat' dir='ltr'><strong>OCTAVUS,</strong></span> <span class='ocrx_word' id='word_1_7' title='bbox 2735 1346 2809 1411; x_wconf 67' lang='grc' dir='ltr'>ὄπ</span> <span class='ocrx_word' id='word_1_8' title='bbox 2849 1364 2972 1429; x_wconf 69' lang='lat' dir='ltr'>quo</span> <span class='ocrx_word' id='word_1_9' title='bbox 3015 1348 3250 1410; x_wconf 76' lang='lat' dir='ltr'>tractat</span> <span class='ocrx_word' id='word_1_10' title='bbox 3293 1343 3482 1409; x_wconf 70' lang='lat' dir='ltr'>diam</span> <span class='ocrx_word' id='word_1_11' title='bbox 3527 1343 3819 1427; x_wconf 69' lang='lat' dir='ltr'>aliquan·</span> 
     </span>
     <span class='ocr_line' id='line_1_3' title="bbox 1630 1455 3822 1539; baseline 0.001 -14"><span class='ocrx_word' id='word_1_12' title='bbox 1630 1456 1830 1525; x_wconf 73' lang='lat' dir='ltr'>tulum</span> <span class='ocrx_word' id='word_1_13' title='bbox 1866 1457 1942 1523; x_wconf 80' lang='lat' dir='ltr'>de</span> <span class='ocrx_word' id='word_1_14' title='bbox 1969 1478 2217 1539; x_wconf 78' lang='lat' dir='ltr'>amore3</span> <span class='ocrx_word' id='word_1_15' title='bbox 2265 1462 2326 1525; x_wconf 75' lang='lat' dir='ltr'>et</span> <span class='ocrx_word' id='word_1_16' title='bbox 2359 1458 2644 1525; x_wconf 59' lang='lat' dir='ltr'>omnihus</span> <span class='ocrx_word' id='word_1_17' title='bbox 2671 1455 3016 1525; x_wconf 69' lang='lat' dir='ltr'>declaratis</span> <span class='ocrx_word' id='word_1_18' title='bbox 3033 1460 3186 1537; x_wconf 69' lang='lat' dir='ltr'>post</span> <span class='ocrx_word' id='word_1_19' title='bbox 3213 1455 3496 1537; x_wconf 53' lang='lat' dir='ltr'>affluam</span> <span class='ocrx_word' id='word_1_20' title='bbox 3520 1457 3822 1528; x_wconf 74' lang='lat' dir='ltr'>visionem</span> 
     </span>
     <span class='ocr_line' id='line_1_4' title="bbox 1632 1568 3832 1651; baseline -0.001 -16"><span class='ocrx_word' id='word_1_21' title='bbox 1632 1570 2007 1637; x_wconf 73' lang='lat' dir='ltr'>invenerunt</span> <span class='ocrx_word' id='word_1_22' title='bbox 2046 1570 2318 1651; x_wconf 68' lang='lat' dir='ltr'>spiritus</span> <span class='ocrx_word' id='word_1_23' title='bbox 2374 1569 2717 1641; x_wconf 63' lang='lat' dir='ltr'>occidionem</span> <span class='ocrx_word' id='word_1_24' title='bbox 2769 1568 2886 1638; x_wconf 70' lang='lat' dir='ltr'>cub</span> <span class='ocrx_word' id='word_1_25' title='bbox 2943 1568 3126 1635; x_wconf 73' lang='lat' dir='ltr'>titulo</span> <span class='ocrx_word' id='word_1_26' title='bbox 3181 1568 3510 1635; x_wconf 61' lang='lat' dir='ltr'>maedam</span> <span class='ocrx_word' id='word_1_27' title='bbox 3575 1568 3832 1638; x_wconf 63' lang='lat' dir='ltr'>abbatie.</span> 
     </span>
     <span class='ocr_line' id='line_1_5' title="bbox 1632 1678 3526 1765; baseline 0.001 -18"><span class='ocrx_word' id='word_1_28' title='bbox 1632 1681 1994 1747; x_wconf 72' lang='lat' dir='ltr'>veronensis</span> <span class='ocrx_word' id='word_1_29' title='bbox 2038 1686 2097 1747; x_wconf 73' lang='lat' dir='ltr'>et</span> <span class='ocrx_word' id='word_1_30' title='bbox 2140 1680 2416 1751; x_wconf 73' lang='lat' dir='ltr'>auorum</span> <span class='ocrx_word' id='word_1_31' title='bbox 2457 1680 2812 1761; x_wconf 76' lang='lat' dir='ltr'>multorum,</span> <span class='ocrx_word' id='word_1_32' title='bbox 2857 1684 2920 1747; x_wconf 67' lang='lat' dir='ltr'>d</span> <span class='ocrx_word' id='word_1_33' title='bbox 2965 1680 3042 1747; x_wconf 74' lang='lat' dir='ltr'>de</span> <span class='ocrx_word' id='word_1_34' title='bbox 3085 1678 3266 1749; x_wconf 75' lang='lat' dir='ltr'>modo</span> <span class='ocrx_word' id='word_1_35' title='bbox 3299 1700 3526 1765; x_wconf 73' lang='lat' dir='ltr'>poenae.</span> 
     </span>
    </p>
   </div>
   <div class='ocr_carea' id='block_1_3' title="bbox 1478 1970 3824 2643">
    <p class='ocr_par' dir='ltr' id='par_1_3' title="bbox 1478 1970 3824 2643">
     <span class='ocr_line' id='line_1_6' title="bbox 1626 1970 3820 2161; baseline 0.002 -24"><span class='ocrx_word' id='word_1_36' title='bbox 1626 1970 1949 2139; x_wconf 56' lang='grc' dir='ltr'><em>’,οπο</em></span> <span class='ocrx_word' id='word_1_37' title='bbox 1996 2087 2177 2146; x_wconf 77' lang='lat' dir='ltr'>ovea</span> <span class='ocrx_word' id='word_1_38' title='bbox 2219 2068 2360 2159; x_wconf 77' lang='lat' dir='ltr'>fine</span> <span class='ocrx_word' id='word_1_39' title='bbox 2409 2069 2488 2139; x_wconf 86' lang='lat' dir='ltr'>al</span> <span class='ocrx_word' id='word_1_40' title='bbox 2529 2086 2680 2140; x_wconf 76' lang='lat' dir='ltr'>suo.</span> <span class='ocrx_word' id='word_1_41' title='bbox 2727 2066 3124 2161; x_wconf 75' lang='lat' dir='ltr'>Postquam</span> <span class='ocrx_word' id='word_1_42' title='bbox 3173 2066 3250 2140; x_wconf 86' lang='lat' dir='ltr'>in</span> <span class='ocrx_word' id='word_1_43' title='bbox 3299 2066 3660 2161; x_wconf 82' lang='lat' dir='ltr'>superiori</span> <span class='ocrx_word' id='word_1_44' title='bbox 3695 2088 3820 2141; x_wconf 77' lang='lat' dir='ltr'>ca-</span> 
     </span>
     <span class='ocr_line' id='line_1_7' title="bbox 1478 2186 3822 2281; baseline 0 -22"><span class='ocrx_word' id='word_1_45' title='bbox 1478 2186 1710 2281; x_wconf 89' lang='lat' dir='ltr'>pitulo</span> <span class='ocrx_word' id='word_1_46' title='bbox 1760 2192 1972 2281; x_wconf 83' lang='lat' dir='ltr'>poeta</span> <span class='ocrx_word' id='word_1_47' title='bbox 2020 2186 2550 2263; x_wconf 83' lang='lat' dir='ltr'>demonstravit</span> <span class='ocrx_word' id='word_1_48' title='bbox 2611 2186 2927 2280; x_wconf 81' lang='lat' dir='ltr'><strong>qualiter</strong></span> <span class='ocrx_word' id='word_1_49' title='bbox 2991 2186 3242 2261; x_wconf 76' lang='lat' dir='ltr'>omnia</span> <span class='ocrx_word' id='word_1_50' title='bbox 3311 2186 3480 2260; x_wconf 84' lang='lat' dir='ltr'>vitia</span> <span class='ocrx_word' id='word_1_51' title='bbox 3547 2186 3822 2261; x_wconf 81' lang='lat' dir='ltr'>habent</span> 
     </span>
     <span class='ocr_line' id='line_1_8' title="bbox 1478 2306 3824 2402; baseline -0.002 -19"><span class='ocrx_word' id='word_1_52' title='bbox 1478 2306 1839 2402; x_wconf 81' lang='lat' dir='ltr'>originem</span> <span class='ocrx_word' id='word_1_53' title='bbox 1890 2308 1985 2381; x_wconf 84' lang='lat' dir='ltr'>ab</span> <span class='ocrx_word' id='word_1_54' title='bbox 2028 2326 2311 2400; x_wconf 83' lang='lat' dir='ltr'>amore,</span> <span class='ocrx_word' id='word_1_55' title='bbox 2349 2326 2546 2381; x_wconf 87' lang='lat' dir='ltr'>nuno</span> <span class='ocrx_word' id='word_1_56' title='bbox 2593 2306 2668 2379; x_wconf 89' lang='lat' dir='ltr'>in</span> <span class='ocrx_word' id='word_1_57' title='bbox 2723 2306 2860 2381; x_wconf 84' lang='lat' dir='ltr'>isto</span> <span class='ocrx_word' id='word_1_58' title='bbox 2909 2306 3228 2402; x_wconf 75' lang='lat' dir='ltr'>capitulo</span> <span class='ocrx_word' id='word_1_59' title='bbox 3254 2306 3470 2381; x_wconf 82' lang='lat' dir='ltr'>xvlu</span> <span class='ocrx_word' id='word_1_60' title='bbox 3521 2306 3824 2381; x_wconf 78' lang='lat' dir='ltr'>intendit</span> 
     </span>
     <span class='ocr_line' id='line_1_9' title="bbox 1480 2425 3822 2523; baseline 0.001 -24"><span class='ocrx_word' id='word_1_61' title='bbox 1480 2447 1806 2523; x_wconf 82' lang='lat' dir='ltr'>purgare</span> <span class='ocrx_word' id='word_1_62' title='bbox 1856 2426 2116 2501; x_wconf 81' lang='lat' dir='ltr'>vitium</span> <span class='ocrx_word' id='word_1_63' title='bbox 2168 2426 2463 2501; x_wconf 79' lang='lat' dir='ltr'>accidiae</span> <span class='ocrx_word' id='word_1_64' title='bbox 2513 2426 2710 2521; x_wconf 88' lang='lat' dir='ltr'>quod</span> <span class='ocrx_word' id='word_1_65' title='bbox 2761 2426 3000 2502; x_wconf 85' lang='lat' dir='ltr'>oritur</span> <span class='ocrx_word' id='word_1_66' title='bbox 3047 2425 3142 2501; x_wconf 81' lang='lat' dir='ltr'>ab</span> <span class='ocrx_word' id='word_1_67' title='bbox 3191 2448 3452 2502; x_wconf 80' lang='lat' dir='ltr'>amore</span> <span class='ocrx_word' id='word_1_68' title='bbox 3515 2426 3822 2503; x_wconf 84' lang='lat' dir='ltr'>remisso</span> 
     </span>
     <span class='ocr_line' id='line_1_10' title="bbox 1478 2546 3822 2643; baseline -0.001 -19"><span class='ocrx_word' id='word_1_69' title='bbox 1478 2548 1635 2625; x_wconf 84' lang='lat' dir='ltr'>veri</span> <span class='ocrx_word' id='word_1_70' title='bbox 1690 2549 1880 2623; x_wconf 87' lang='lat' dir='ltr'>boni.</span> <span class='ocrx_word' id='word_1_71' title='bbox 1936 2548 2023 2621; x_wconf 88' lang='lat' dir='ltr'>Et</span> <span class='ocrx_word' id='word_1_72' title='bbox 2073 2567 2394 2643; x_wconf 80' lang='lat' dir='ltr'>praesens</span> <span class='ocrx_word' id='word_1_73' title='bbox 2427 2548 2830 2643; x_wconf 82' lang='lat' dir='ltr'>capitulum</span> <span class='ocrx_word' id='word_1_74' title='bbox 2881 2556 2996 2622; x_wconf 83' lang='lat' dir='ltr'>est</span> <span class='ocrx_word' id='word_1_75' title='bbox 3043 2546 3460 2624; x_wconf 81' lang='lat' dir='ltr'>distinctum</span> <span class='ocrx_word' id='word_1_76' title='bbox 3495 2549 3570 2622; x_wconf 92' lang='lat' dir='ltr'>in</span> <span class='ocrx_word' id='word_1_77' title='bbox 3607 2548 3822 2642; x_wconf 88' lang='lat' dir='ltr'>quin-</span> 
     </span>
    </p>
   </div>
   <div class='ocr_carea' id='block_1_4' title="bbox 1482 2667 3978 2765">
    <p class='ocr_par' dir='ltr' id='par_1_4' title="bbox 1482 2667 3978 2765">
     <span class='ocr_line' id='line_1_11' title="bbox 1482 2667 3978 2765; baseline -0.001 -23"><span class='ocrx_word' id='word_1_78' title='bbox 1482 2689 1632 2763; x_wconf 89' lang='lat' dir='ltr'>que</span> <span class='ocrx_word' id='word_1_79' title='bbox 1685 2676 1930 2764; x_wconf 83' lang='lat' dir='ltr'>partes</span> <span class='ocrx_word' id='word_1_80' title='bbox 1979 2668 2384 2765; x_wconf 81' lang='lat' dir='ltr'>generales.</span> <span class='ocrx_word' id='word_1_81' title='bbox 2440 2669 2520 2741; x_wconf 91' lang='lat' dir='ltr'>ln</span> <span class='ocrx_word' id='word_1_82' title='bbox 2571 2668 2807 2763; x_wconf 87' lang='lat' dir='ltr'>prima</span> <span class='ocrx_word' id='word_1_83' title='bbox 2859 2690 3178 2762; x_wconf 84' lang='lat' dir='ltr'>quarum</span> <span class='ocrx_word' id='word_1_84' title='bbox 3231 2678 3446 2764; x_wconf 73' lang='lat' dir='ltr'>poeta</span> <span class='ocrx_word' id='word_1_85' title='bbox 3489 2668 3656 2742; x_wconf 77' lang='lat' dir='ltr'>fecit</span> <span class='ocrx_word' id='word_1_86' title='bbox 3685 2667 3821 2742; x_wconf 78' lang='lat' dir='ltr'>dir-</span> <span class='ocrx_word' id='word_1_87' title='bbox 3973 2668 3978 2672; x_wconf 81' lang='grc'><strong>’</strong></span> 
     </span>
    </p>
   </div>
   <div class='ocr_carea' id='block_1_5' title="bbox 1479 2788 3824 4927">
    <p class='ocr_par' dir='ltr' id='par_1_5' title="bbox 1479 2788 3824 4927">
     <span class='ocr_line' id='line_1_12' title="bbox 1481 2788 3816 2865; baseline 0.001 -3"><span class='ocrx_word' id='word_1_88' title='bbox 1481 2788 1881 2863; x_wconf 85' lang='lat' dir='ltr'>finitionem</span> <span class='ocrx_word' id='word_1_89' title='bbox 1932 2788 2228 2863; x_wconf 82' lang='lat' dir='ltr'>amoris.</span> <span class='ocrx_word' id='word_1_90' title='bbox 2266 2788 2348 2861; x_wconf 92' lang='lat' dir='ltr'>ln</span> <span class='ocrx_word' id='word_1_91' title='bbox 2387 2788 2708 2863; x_wconf 82' lang='lat' dir='ltr'>secunda</span> <span class='ocrx_word' id='word_1_92' title='bbox 2745 2795 2994 2863; x_wconf 84' lang='lat' dir='ltr'>movet</span> <span class='ocrx_word' id='word_1_93' title='bbox 3030 2810 3256 2863; x_wconf 81' lang='lat' dir='ltr'>unam</span> <span class='ocrx_word' id='word_1_94' title='bbox 3290 2789 3816 2865; x_wconf 77' lang='lat' dir='ltr'>dubitationem</span> 
     </span>
     <span class='ocr_line' id='line_1_13' title="bbox 1482 2904 3815 3007; baseline -0.001 -23"><span class='ocrx_word' id='word_1_95' title='bbox 1482 2930 1651 3007; x_wconf 85' lang='lat' dir='ltr'>quae</span> <span class='ocrx_word' id='word_1_96' title='bbox 1698 2910 2024 2986; x_wconf 82' lang='lat' dir='ltr'>nascitur</span> <span class='ocrx_word' id='word_1_97' title='bbox 2074 2930 2168 2985; x_wconf 86' lang='lat' dir='ltr'>ex</span> <span class='ocrx_word' id='word_1_98' title='bbox 2231 2909 2351 2985; x_wconf 82' lang='lat' dir='ltr'>illa</span> <span class='ocrx_word' id='word_1_99' title='bbox 2411 2908 2838 2984; x_wconf 88' lang='lat' dir='ltr'>diffinitione</span> <span class='ocrx_word' id='word_1_100' title='bbox 2861 2904 2962 3003; x_wconf 78' lang='lat'><strong>(⁸),</strong></span> <span class='ocrx_word' id='word_1_101' title='bbox 3025 2909 3164 2983; x_wconf 88' lang='lat' dir='ltr'>ibi:</span> <span class='ocrx_word' id='word_1_102' title='bbox 3235 2915 3326 2983; x_wconf 82' lang='lat' dir='ltr'>Le</span> <span class='ocrx_word' id='word_1_103' title='bbox 3387 2918 3495 2984; x_wconf 77' lang='lat' dir='ltr'>tue</span> <span class='ocrx_word' id='word_1_104' title='bbox 3547 2912 3815 3003; x_wconf 82' lang='lat' dir='ltr'>parole.</span> 
     </span>
     <span class='ocr_line' id='line_1_14' title="bbox 1480 3028 3811 3127; baseline -0 -24"><span class='ocrx_word' id='word_1_105' title='bbox 1480 3030 1563 3103; x_wconf 93' lang='lat' dir='ltr'>In</span> <span class='ocrx_word' id='word_1_106' title='bbox 1616 3030 1825 3104; x_wconf 87' lang='lat' dir='ltr'>tertia</span> <span class='ocrx_word' id='word_1_107' title='bbox 1884 3028 2227 3103; x_wconf 82' lang='lat' dir='ltr'>describit</span> <span class='ocrx_word' id='word_1_108' title='bbox 2291 3029 2364 3102; x_wconf 90' lang='lat' dir='ltr'>in</span> <span class='ocrx_word' id='word_1_109' title='bbox 2426 3028 2752 3125; x_wconf 89' lang='lat' dir='ltr'>generali</span> <span class='ocrx_word' id='word_1_110' title='bbox 2803 3049 3096 3125; x_wconf 82' lang='lat' dir='ltr'>poenam</span> <span class='ocrx_word' id='word_1_111' title='bbox 3163 3037 3238 3105; x_wconf 90' lang='lat' dir='ltr'>et</span> <span class='ocrx_word' id='word_1_112' title='bbox 3302 3030 3811 3127; x_wconf 82' lang='lat' dir='ltr'>purgationem</span> 
     </span>
     <span class='ocr_line' id='line_1_15' title="bbox 1480 3148 3814 3243; baseline -0.001 -19"><span class='ocrx_word' id='word_1_113' title='bbox 1480 3148 2039 3242; x_wconf 84' lang='lat' dir='ltr'>accidiosorum,</span> <span class='ocrx_word' id='word_1_114' title='bbox 2088 3148 2227 3222; x_wconf 87' lang='lat' dir='ltr'>ibi:</span> <span class='ocrx_word' id='word_1_115' title='bbox 2285 3153 2387 3221; x_wconf 87' lang='lat' dir='ltr'>La</span> <span class='ocrx_word' id='word_1_116' title='bbox 2437 3150 2624 3221; x_wconf 79' lang='lat' dir='ltr'>luna.</span> <span class='ocrx_word' id='word_1_117' title='bbox 2678 3149 2760 3222; x_wconf 91' lang='lat' dir='ltr'>ln</span> <span class='ocrx_word' id='word_1_118' title='bbox 2811 3156 3076 3243; x_wconf 81' lang='lat' dir='ltr'>quarta</span> <span class='ocrx_word' id='word_1_119' title='bbox 3141 3149 3531 3224; x_wconf 86' lang='lat' dir='ltr'>introducit</span> <span class='ocrx_word' id='word_1_120' title='bbox 3581 3170 3814 3224; x_wconf 89' lang='lat' dir='ltr'>unum</span> 
     </span>
     <span class='ocr_line' id='line_1_16' title="bbox 1482 3267 3819 3366; baseline 0.001 -24"><span class='ocrx_word' id='word_1_121' title='bbox 1482 3269 1814 3366; x_wconf 89' lang='lat' dir='ltr'>spiritum</span> <span class='ocrx_word' id='word_1_122' title='bbox 1868 3268 2312 3342; x_wconf 89' lang='lat' dir='ltr'>modernum</span> <span class='ocrx_word' id='word_1_123' title='bbox 2364 3267 2438 3342; x_wconf 89' lang='lat' dir='ltr'>in</span> <span class='ocrx_word' id='word_1_124' title='bbox 2488 3268 2778 3364; x_wconf 82' lang='lat' dir='ltr'>speciali</span> <span class='ocrx_word' id='word_1_125' title='bbox 2813 3269 2944 3361; x_wconf 87' lang='lat' dir='ltr'>qui</span> <span class='ocrx_word' id='word_1_126' title='bbox 2981 3268 3340 3343; x_wconf 76' lang='lat' dir='ltr'>laboravit</span> <span class='ocrx_word' id='word_1_127' title='bbox 3383 3270 3644 3344; x_wconf 89' lang='lat' dir='ltr'>morbo</span> <span class='ocrx_word' id='word_1_128' title='bbox 3695 3291 3819 3344; x_wconf 81' lang='lat' dir='ltr'>ac-</span> 
     </span>
     <span class='ocr_line' id='line_1_17' title="bbox 1480 3388 3822 3486; baseline 0.001 -23"><span class='ocrx_word' id='word_1_129' title='bbox 1480 3388 1709 3484; x_wconf 81' lang='lat' dir='ltr'>cidiae‚</span> <span class='ocrx_word' id='word_1_130' title='bbox 1760 3388 1897 3462; x_wconf 86' lang='lat' dir='ltr'>ibi:</span> <span class='ocrx_word' id='word_1_131' title='bbox 1961 3391 2022 3463; x_wconf 87' lang='lat' dir='ltr'><em>O</em></span> <span class='ocrx_word' id='word_1_132' title='bbox 2069 3395 2288 3480; x_wconf 72' lang='lat' dir='ltr'>yeme.</span> <span class='ocrx_word' id='word_1_133' title='bbox 2343 3389 2422 3462; x_wconf 88' lang='lat' dir='ltr'>ln</span> <span class='ocrx_word' id='word_1_134' title='bbox 2470 3388 2724 3483; x_wconf 83' lang='lat' dir='ltr'>quinta</span> <span class='ocrx_word' id='word_1_135' title='bbox 2776 3394 2854 3463; x_wconf 91' lang='lat' dir='ltr'>et</span> <span class='ocrx_word' id='word_1_136' title='bbox 2904 3388 3161 3464; x_wconf 83' lang='lat' dir='ltr'>ultima</span> <span class='ocrx_word' id='word_1_137' title='bbox 3203 3388 3416 3466; x_wconf 88' lang='lat' dir='ltr'>docet</span> <span class='ocrx_word' id='word_1_138' title='bbox 3453 3390 3822 3486; x_wconf 84' lang='lat' dir='ltr'>expellere</span> 
     </span>
     <span class='ocr_line' id='line_1_18' title="bbox 1479 3508 3816 3606; baseline -0 -22"><span class='ocrx_word' id='word_1_139' title='bbox 1479 3508 1740 3584; x_wconf 83' lang='lat' dir='ltr'>vitium</span> <span class='ocrx_word' id='word_1_140' title='bbox 1792 3508 2111 3602; x_wconf 81' lang='lat' dir='ltr'>accidiae,</span> <span class='ocrx_word' id='word_1_141' title='bbox 2164 3509 2302 3582; x_wconf 86' lang='lat' dir='ltr'>ibi:</span> <span class='ocrx_word' id='word_1_142' title='bbox 2357 3513 2422 3582; x_wconf 85' lang='lat' dir='ltr'><em>E</em></span> <span class='ocrx_word' id='word_1_143' title='bbox 2466 3511 2638 3600; x_wconf 80' lang='lat' dir='ltr'>quei.</span> <span class='ocrx_word' id='word_1_144' title='bbox 2688 3509 2794 3584; x_wconf 87' lang='lat' dir='ltr'>Ad</span> <span class='ocrx_word' id='word_1_145' title='bbox 2845 3509 3168 3604; x_wconf 90' lang='lat' dir='ltr'>primum</span> <span class='ocrx_word' id='word_1_146' title='bbox 3205 3530 3386 3606; x_wconf 89' lang='lat' dir='ltr'>ergo</span> <span class='ocrx_word' id='word_1_147' title='bbox 3425 3508 3588 3585; x_wconf 89' lang='lat' dir='ltr'>dico</span> <span class='ocrx_word' id='word_1_148' title='bbox 3621 3509 3816 3604; x_wconf 88' lang='lat' dir='ltr'>quod</span> 
     </span>
     <span class='ocr_line' id='line_1_19' title="bbox 1482 3627 3818 3725; baseline 0 -21"><span class='ocrx_word' id='word_1_149' title='bbox 1482 3635 1695 3725; x_wconf 85' lang='lat' dir='ltr'>poeta</span> <span class='ocrx_word' id='word_1_150' title='bbox 1748 3629 1923 3725; x_wconf 84' lang='lat' dir='ltr'>petit</span> <span class='ocrx_word' id='word_1_151' title='bbox 1962 3649 2007 3702; x_wconf 85' lang='lat' dir='ltr'>a</span> <span class='ocrx_word' id='word_1_152' title='bbox 2042 3629 2342 3725; x_wconf 78' lang='lat' dir='ltr'>Virgilio</span> <span class='ocrx_word' id='word_1_153' title='bbox 2375 3627 2878 3703; x_wconf 88' lang='lat' dir='ltr'>diffinitionem</span> <span class='ocrx_word' id='word_1_154' title='bbox 2913 3629 3224 3724; x_wconf 83' lang='lat' dir='ltr'>amoris;</span> <span class='ocrx_word' id='word_1_155' title='bbox 3263 3637 3338 3704; x_wconf 89' lang='lat' dir='ltr'>et</span> <span class='ocrx_word' id='word_1_156' title='bbox 3373 3631 3610 3725; x_wconf 89' lang='lat' dir='ltr'>primo</span> <span class='ocrx_word' id='word_1_157' title='bbox 3643 3650 3818 3706; x_wconf 89' lang='lat' dir='ltr'>con-</span> 
     </span>
     <span class='ocr_line' id='line_1_20' title="bbox 1479 3741 3822 3843; baseline -0 -19"><span class='ocrx_word' id='word_1_158' title='bbox 1479 3751 1774 3825; x_wconf 85' lang='lat' dir='ltr'>tinuans</span> <span class='ocrx_word' id='word_1_159' title='bbox 1822 3750 2015 3826; x_wconf 84' lang='lat' dir='ltr'>(licta</span> <span class='ocrx_word' id='word_1_160' title='bbox 2064 3749 2405 3843; x_wconf 75' lang='lat' dir='ltr'>dicendiS,</span> <span class='ocrx_word' id='word_1_161' title='bbox 2455 3749 2628 3824; x_wconf 89' lang='lat' dir='ltr'>dicit</span> <span class='ocrx_word' id='word_1_162' title='bbox 2657 3741 2772 3842; x_wconf 81' lang='lat'>(²):</span> <span class='ocrx_word' id='word_1_163' title='bbox 2829 3753 2903 3822; x_wconf 91' lang='lat' dir='ltr'>L’</span> <span class='ocrx_word' id='word_1_164' title='bbox 2929 3754 3072 3824; x_wconf 82' lang='lat' dir='ltr'>alto</span> <span class='ocrx_word' id='word_1_165' title='bbox 3123 3753 3418 3842; x_wconf 73' lang='lat' dir='ltr'>douore,</span> <span class='ocrx_word' id='word_1_166' title='bbox 3457 3751 3642 3825; x_wconf 86' lang='lat' dir='ltr'>idest</span> <span class='ocrx_word' id='word_1_167' title='bbox 3691 3771 3822 3825; x_wconf 84' lang='lat' dir='ltr'>ex-</span> 
     </span>
     <span class='ocr_line' id='line_1_21' title="bbox 1481 3869 3816 3966; baseline -0.001 -20"><span class='ocrx_word' id='word_1_168' title='bbox 1481 3870 1749 3946; x_wconf 89' lang='lat' dir='ltr'>cellens</span> <span class='ocrx_word' id='word_1_169' title='bbox 1800 3877 2013 3966; x_wconf 85' lang='lat' dir='ltr'>poeta</span> <span class='ocrx_word' id='word_1_170' title='bbox 2064 3869 2406 3966; x_wconf 85' lang='lat' dir='ltr'>Virgilius</span> <span class='ocrx_word' id='word_1_171' title='bbox 2455 3870 2583 3962; x_wconf 86' lang='lat' dir='ltr'>qui</span> <span class='ocrx_word' id='word_1_172' title='bbox 2631 3871 2780 3944; x_wconf 83' lang='lat' dir='ltr'>alte</span> <span class='ocrx_word' id='word_1_173' title='bbox 2812 3870 3167 3947; x_wconf 85' lang='lat' dir='ltr'>docuerat</span> <span class='ocrx_word' id='word_1_174' title='bbox 3201 3878 3451 3945; x_wconf 87' lang='lat' dir='ltr'>ortum</span> <span class='ocrx_word' id='word_1_175' title='bbox 3487 3871 3816 3946; x_wconf 82' lang='lat' dir='ltr'>omniurn</span> 
     </span>
     <span class='ocr_line' id='line_1_22' title="bbox 1482 3990 3820 4086; baseline 0 -20"><span class='ocrx_word' id='word_1_176' title='bbox 1482 3991 1853 4084; x_wconf 84' lang='lat' dir='ltr'>vitiorum,</span> <span class='ocrx_word' id='word_1_177' title='bbox 1894 3998 2095 4082; x_wconf 81' lang='lat' dir='ltr'>posto</span> <span class='ocrx_word' id='word_1_178' title='bbox 2144 4011 2325 4063; x_wconf 79' lang='lat' dir='ltr'>avea</span> <span class='ocrx_word' id='word_1_179' title='bbox 2368 3993 2510 4082; x_wconf 82' lang='lat' dir='ltr'>fine</span> <span class='ocrx_word' id='word_1_180' title='bbox 2557 3992 2637 4064; x_wconf 85' lang='lat' dir='ltr'>al</span> <span class='ocrx_word' id='word_1_181' title='bbox 2679 4012 2807 4064; x_wconf 77' lang='lat' dir='ltr'>suo</span> <span class='ocrx_word' id='word_1_182' title='bbox 2853 3995 3416 4083; x_wconf 62' lang='lat' dir='ltr'>matonam-mco,</span> <span class='ocrx_word' id='word_1_183' title='bbox 3451 3990 3654 4086; x_wconf 83' lang='lat' dir='ltr'>idest,</span> <span class='ocrx_word' id='word_1_184' title='bbox 3703 4012 3820 4066; x_wconf 82' lang='lat' dir='ltr'>ra-</span> 
     </span>
     <span class='ocr_line' id='line_1_23' title="bbox 1484 4110 3822 4205; baseline -0 -20"><span class='ocrx_word' id='word_1_185' title='bbox 1484 4111 1774 4186; x_wconf 85' lang='lat' dir='ltr'>tiocinio</span> <span class='ocrx_word' id='word_1_186' title='bbox 1826 4111 2071 4184; x_wconf 87' lang='lat' dir='ltr'>subtili</span> <span class='ocrx_word' id='word_1_187' title='bbox 2115 4110 2312 4205; x_wconf 92' lang='lat' dir='ltr'>quod</span> <span class='ocrx_word' id='word_1_188' title='bbox 2364 4111 2638 4186; x_wconf 82' lang='lat' dir='ltr'>fecerat</span> <span class='ocrx_word' id='word_1_189' title='bbox 2686 4111 2780 4186; x_wconf 87' lang='lat' dir='ltr'>de</span> <span class='ocrx_word' id='word_1_190' title='bbox 2827 4131 3109 4205; x_wconf 82' lang='lat' dir='ltr'>amore,</span> <span class='ocrx_word' id='word_1_191' title='bbox 3177 4120 3244 4186; x_wconf 78' lang='lat' dir='ltr'>ec</span> <span class='ocrx_word' id='word_1_192' title='bbox 3297 4119 3552 4186; x_wconf 76' lang='lat' dir='ltr'>attento</span> <span class='ocrx_word' id='word_1_193' title='bbox 3602 4132 3822 4202; x_wconf 66' lang='lat' dir='ltr'>quar·-</span> 
     </span>
     <span class='ocr_line' id='line_1_24' title="bbox 1482 4230 3822 4325; baseline -0.001 -19"><span class='ocrx_word' id='word_1_194' title='bbox 1482 4235 1701 4323; x_wconf 82' lang='lat' dir='ltr'><strong><em>dava,</em></strong></span> <span class='ocrx_word' id='word_1_195' title='bbox 1754 4231 1927 4325; x_wconf 88' lang='lat' dir='ltr'>quia</span> <span class='ocrx_word' id='word_1_196' title='bbox 1977 4230 2071 4307; x_wconf 88' lang='lat' dir='ltr'>de</span> <span class='ocrx_word' id='word_1_197' title='bbox 2120 4231 2430 4307; x_wconf 82' lang='lat' dir='ltr'>materia</span> <span class='ocrx_word' id='word_1_198' title='bbox 2481 4230 2671 4325; x_wconf 82' lang='lat' dir='ltr'>sorti,</span> <span class='ocrx_word' id='word_1_199' title='bbox 2722 4235 2907 4304; x_wconf 80' lang='lat' dir='ltr'>nella</span> <span class='ocrx_word' id='word_1_200' title='bbox 2973 4235 3118 4305; x_wconf 80' lang='lat' dir='ltr'>mia</span> <span class='ocrx_word' id='word_1_201' title='bbox 3173 4235 3352 4306; x_wconf 78' lang='lat' dir='ltr'>vista</span> <span class='ocrx_word' id='word_1_202' title='bbox 3399 4235 3457 4304; x_wconf 73' lang='grc' dir='ltr'>,ς’</span> <span class='ocrx_word' id='word_1_203' title='bbox 3481 4235 3552 4304; x_wconf 83' lang='lat' dir='ltr'>io</span> <span class='ocrx_word' id='word_1_204' title='bbox 3592 4253 3822 4325; x_wconf 81' lang='lat' dir='ltr'>parea</span> 
     </span>
     <span class='ocr_line' id='line_1_25' title="bbox 1482 4351 3818 4447; baseline -0.001 -21"><span class='ocrx_word' id='word_1_205' title='bbox 1482 4359 1821 4445; x_wconf 71' lang='lat' dir='ltr'>comeum,</span> <span class='ocrx_word' id='word_1_206' title='bbox 1872 4351 1965 4427; x_wconf 88' lang='lat' dir='ltr'>de</span> <span class='ocrx_word' id='word_1_207' title='bbox 2012 4351 2468 4427; x_wconf 85' lang='lat' dir='ltr'>distinctione</span> <span class='ocrx_word' id='word_1_208' title='bbox 2518 4352 2726 4426; x_wconf 81' lang='lat' dir='ltr'>sacta.</span> <span class='ocrx_word' id='word_1_209' title='bbox 2781 4353 2870 4424; x_wconf 87' lang='lat' dir='ltr'>Et</span> <span class='ocrx_word' id='word_1_210' title='bbox 2917 4351 3230 4426; x_wconf 88' lang='lat' dir='ltr'>ostendit</span> <span class='ocrx_word' id='word_1_211' title='bbox 3269 4351 3641 4447; x_wconf 90' lang='lat' dir='ltr'>quomodo</span> <span class='ocrx_word' id='word_1_212' title='bbox 3677 4371 3818 4426; x_wconf 87' lang='lat' dir='ltr'>non</span> 
     </span>
     <span class='ocr_line' id='line_1_26' title="bbox 1485 4472 3818 4566; baseline -0 -19"><span class='ocrx_word' id='word_1_213' title='bbox 1485 4480 1871 4548; x_wconf 87' lang='lat' dir='ltr'>contentus</span> <span class='ocrx_word' id='word_1_214' title='bbox 1922 4473 2161 4548; x_wconf 86' lang='lat' dir='ltr'>adhuc</span> <span class='ocrx_word' id='word_1_215' title='bbox 2213 4472 2612 4566; x_wconf 68' lang='lat' dir='ltr'>dubitabat,</span> <span class='ocrx_word' id='word_1_216' title='bbox 2647 4472 2936 4548; x_wconf 89' lang='lat' dir='ltr'>dicens:</span> <span class='ocrx_word' id='word_1_217' title='bbox 2987 4481 3056 4546; x_wconf 81' lang='lat' dir='ltr'>et</span> <span class='ocrx_word' id='word_1_218' title='bbox 3099 4477 3169 4546; x_wconf 81' lang='lat' dir='ltr'>io</span> <span class='ocrx_word' id='word_1_219' title='bbox 3217 4477 3329 4547; x_wconf 79' lang='lat' dir='ltr'>cui</span> <span class='ocrx_word' id='word_1_220' title='bbox 3375 4493 3613 4546; x_wconf 80' lang='lat' dir='ltr'>nuova</span> <span class='ocrx_word' id='word_1_221' title='bbox 3659 4480 3818 4564; x_wconf 78' lang='lat' dir='ltr'>sete,</span> 
     </span>
     <span class='ocr_line' id='line_1_27' title="bbox 1481 4593 3820 4690; baseline 0 -22"><span class='ocrx_word' id='word_1_222' title='bbox 1481 4595 1687 4689; x_wconf 66' lang='lat' dir='ltr'>idest,</span> <span class='ocrx_word' id='word_1_223' title='bbox 1739 4593 2045 4669; x_wconf 80' lang='lat' dir='ltr'>aviditas</span> <span class='ocrx_word' id='word_1_224' title='bbox 2106 4593 2401 4688; x_wconf 86' lang='lat' dir='ltr'>sciendi,</span> <span class='ocrx_word' id='word_1_225' title='bbox 2451 4615 2677 4666; x_wconf 80' lang='lat' dir='ltr'>ancer</span> <span class='ocrx_word' id='word_1_226' title='bbox 2731 4598 3071 4687; x_wconf 73' lang='lat' dir='ltr'>sruyava,</span> <span class='ocrx_word' id='word_1_227' title='bbox 3136 4593 3497 4690; x_wconf 82' lang='lat' dir='ltr'>purgabat</span> <span class='ocrx_word' id='word_1_228' title='bbox 3559 4599 3634 4667; x_wconf 88' lang='lat' dir='ltr'>et</span> <span class='ocrx_word' id='word_1_229' title='bbox 3697 4613 3820 4668; x_wconf 88' lang='lat' dir='ltr'>co-</span> 
     </span>
     <span class='ocr_line' id='line_1_28' title="bbox 1483 4713 3820 4809; baseline -0.002 -20"><span class='ocrx_word' id='word_1_230' title='bbox 1483 4713 1780 4809; x_wconf 82' lang='lat' dir='ltr'>quebat,</span> <span class='ocrx_word' id='word_1_231' title='bbox 1830 4717 1907 4788; x_wconf 80' lang='lat' dir='ltr'>di</span> <span class='ocrx_word' id='word_1_232' title='bbox 1946 4717 2117 4808; x_wconf 72' lang='lat' dir='ltr'>licor</span> <span class='ocrx_word' id='word_1_233' title='bbox 2170 4722 2438 4803; x_wconf 83' lang='lat' dir='ltr'>taceva,</span> <span class='ocrx_word' id='word_1_234' title='bbox 2473 4733 2817 4788; x_wconf 89' lang='lat' dir='ltr'>sermone</span> <span class='ocrx_word' id='word_1_235' title='bbox 2867 4713 3168 4806; x_wconf 82' lang='lat' dir='ltr'>verbali,</span> <span class='ocrx_word' id='word_1_236' title='bbox 3211 4735 3249 4786; x_wconf 86' lang='lat' dir='ltr'>e</span> <span class='ocrx_word' id='word_1_237' title='bbox 3293 4717 3541 4786; x_wconf 76' lang='lat' dir='ltr'>dmtro</span> <span class='ocrx_word' id='word_1_238' title='bbox 3587 4715 3820 4785; x_wconf 83' lang='lat' dir='ltr'>dicea:</span> 
     </span>
     <span class='ocr_line' id='line_1_29' title="bbox 1483 4833 3824 4927; baseline -0.001 -20"><span class='ocrx_word' id='word_1_239' title='bbox 1483 4853 1826 4908; x_wconf 86' lang='lat' dir='ltr'>sermone</span> <span class='ocrx_word' id='word_1_240' title='bbox 1877 4833 2201 4927; x_wconf 68' lang='lat' dir='ltr'>mentali,</span> <span class='ocrx_word' id='word_1_241' title='bbox 2246 4837 2446 4926; x_wconf 76' lang='lat' dir='ltr'>forse</span> <span class='ocrx_word' id='word_1_242' title='bbox 2505 4837 2572 4906; x_wconf 87' lang='lat' dir='ltr'>lo</span> <span class='ocrx_word' id='word_1_243' title='bbox 2634 4839 2884 4926; x_wconf 81' lang='lat' dir='ltr'>troppo</span> <span class='ocrx_word' id='word_1_244' title='bbox 2947 4835 3333 4906; x_wconf 81' lang='lat' dir='ltr'>dimandar</span> <span class='ocrx_word' id='word_1_245' title='bbox 3389 4835 3490 4906; x_wconf 70' lang='lat' dir='ltr'>cll’</span> <span class='ocrx_word' id='word_1_246' title='bbox 3515 4835 3586 4905; x_wconf 79' lang='lat' dir='ltr'>io</span> <span class='ocrx_word' id='word_1_247' title='bbox 3639 4837 3720 4927; x_wconf 79' lang='lat' dir='ltr'>fo</span> <span class='ocrx_word' id='word_1_248' title='bbox 3775 4835 3824 4906; x_wconf 84' lang='lat' dir='ltr'>li</span> 
     </span>
    </p>
   </div>
   <div class='ocr_carea' id='block_1_6' title="bbox 1613 5091 3358 5156">
    <p class='ocr_par' dir='ltr' id='par_1_6' title="bbox 1613 5091 3358 5156">
     <span class='ocr_line' id='line_1_30' title="bbox 1613 5091 3358 5156; baseline -0.001 -12"><span class='ocrx_word' id='word_1_249' title='bbox 1613 5091 1669 5156; x_wconf 88' lang='lat'>(¹)</span> <span class='ocrx_word' id='word_1_250' title='bbox 1705 5097 1811 5154; x_wconf 84' lang='lat'><strong>11⁷,</strong></span> <span class='ocrx_word' id='word_1_251' title='bbox 1844 5094 2185 5146; x_wconf 70' lang='lat' dir='ltr'>distinctione.</span> <span class='ocrx_word' id='word_1_252' title='bbox 2683 5093 2738 5154; x_wconf 80' lang='lat'>(¹)</span> <span class='ocrx_word' id='word_1_253' title='bbox 2771 5095 2834 5146; x_wconf 81' lang='grc' dir='ltr'>Ε.</span> <span class='ocrx_word' id='word_1_254' title='bbox 2865 5095 2992 5144; x_wconf 83' lang='lat' dir='ltr'>dicit</span> <span class='ocrx_word' id='word_1_255' title='bbox 3021 5095 3131 5145; x_wconf 70' lang='lat' dir='ltr'>sic:</span> <span class='ocrx_word' id='word_1_256' title='bbox 3165 5094 3358 5144; x_wconf 82' lang='lat' dir='ltr'>L&#39;alto.</span> 
     </span>
    </p>
   </div>
  </div>
 </body>
</html>
