4392 6850
1475 957 1571 1024 20
2200 969 2611 1026 commu
2662 971 3103 1026 Punossomi

1472 1121 1713 1189 totum
1765 1113 2218 1189 contrarium
2255 1121 2437 1210 erat,
2474 1115 2648 1210 quia
2682 1115 2839 1192 dies
2888 1117 3111 1192 fiebat
3160 1117 3234 1192 in
3284 1118 3408 1195 illo
3460 1121 3827 1218 hemispe-

1473 1234 1584 1308 rio
1652 1233 2008 1327 inferiori,
2073 1233 2149 1307 in
2218 1244 2470 1312 nostro
2542 1255 2721 1310 vero
2790 1236 3012 1312 fiebat
3076 1257 3250 1332 nox,
3314 1245 3388 1314 et
3438 1239 3828 1336 incipiebat

1469 1355 1883 1451 plaustrum
1936 1353 2168 1428 videri
2220 1375 2265 1430 a
2316 1355 2545 1430 nobis.
2574 1397 2675 1412 —
2698 1361 2947 1449 Lunqa
2996 1361 3069 1432 la
3128 1359 3375 1433 barba.
3430 1361 3561 1436 Hic
3609 1368 3825 1457 poeta

1465 1475 1810 1550 describit
1860 1473 2080 1548 istum
2151 1477 2651 1552 venerabilem
2700 1498 2957 1554 senem
3012 1479 3111 1554 ab
3174 1480 3428 1556 habitu
3494 1482 3824 1578 corporis

1467 1603 1544 1672 et
1591 1595 1840 1690 animi,
1893 1596 2168 1671 scilicet
2214 1618 2259 1670 a
2315 1596 2727 1672 virtutibus
2770 1598 2915 1674 Sed
2952 1607 3355 1696 antequam
3398 1603 3687 1678 veniam
3726 1603 3819 1678 ad

1463 1716 1995 1813 expositionem
2050 1717 2302 1812 literae,
2354 1718 2595 1813 primo
2658 1725 2768 1794 est
2828 1720 3123 1796 curiose
3184 1721 3663 1798 insistendum
3722 1725 3819 1810 ad

1466 1837 1870 1913 tollendum
1927 1857 2151 1912 unam
2207 1837 2761 1935 dubitationem,
2804 1861 2975 1936 quae
3021 1861 3283 1917 omnes
3332 1842 3817 1940 intelligentes

1466 1957 1762 2034 adducit
1809 1958 1884 2032 in
1935 1979 2283 2054 magnam
2348 1959 2938 2055 admirationem,
2990 1961 3263 2037 scilicet
3314 1984 3551 2057 quare
3598 1970 3815 2060 poeta

1465 2084 1714 2153 noster
1767 2099 1912 2152 non
1960 2078 2206 2173 potius
2253 2078 2531 2153 inducit
2578 2079 2695 2154 hic
2746 2080 3097 2156 Catonem
3150 2083 3635 2179 superiorem,
3686 2084 3813 2179 qui

1463 2199 1602 2273 suit
1651 2199 1972 2295 optimus
2025 2218 2322 2273 morum
2388 2219 2672 2295 censor,
2724 2207 2801 2276 et
2848 2201 3169 2276 correxit
3222 2203 3297 2276 in
3348 2205 3536 2280 urbe
3588 2205 3814 2280 mira·

1467 2321 1706 2394 biliter
1761 2321 1991 2394 malos
2045 2340 2314 2414 moreS,
2367 2330 2441 2397 et
2490 2320 2743 2394 babuit
2796 2321 3172 2418 ingenium
3232 2322 3589 2418 divinum,
3642 2346 3812 2400 ver-

1465 2442 1672 2516 satile
1721 2441 1813 2514 ad
1861 2441 2160 2515 omnia?
2211 2447 2286 2516 et
2338 2447 2421 2514 ut
2470 2440 2717 2517 videas
2766 2442 2965 2517 clare
2998 2443 3198 2537 quod
3248 2465 3395 2519 non
3440 2445 3811 2520 immerito

1467 2564 1836 2639 mirantur
1883 2561 1979 2638 de
2029 2563 2190 2657 hoc,
2243 2568 2352 2636 est
2412 2562 2992 2639 consideratione
3048 2563 3556 2661 dignissimum
3610 2566 3808 2660 quod

1464 2683 1676 2757 multi
1727 2683 2026 2757 fuerunt
2076 2683 2411 2776 CatoneS,
2454 2689 2633 2778 puta
2682 2689 2963 2778 septem
2998 2683 3093 2759 de
3124 2685 3383 2760 eodem
3426 2685 3805 2782 sanguine,

1465 2803 1656 2878 sicut
1707 2809 1904 2897 patet
1953 2822 2087 2898 per
2127 2802 2208 2876 A.
2244 2801 2555 2877 Gellium
2609 2802 2797 2876 libro
2836 2803 3175 2878 Noctium
3210 2803 3642 2899 Atticarum,
3680 2805 3804 2880 ubi

1465 2931 1727 2999 tractat
1778 2922 1869 2998 de
1920 2925 2353 3020 genealogia
2404 2923 2791 3019 Catonum,
2826 2945 3147 3018 quorum
3187 2925 3471 3021 primus
3510 2933 3587 3002 et
3630 2927 3803 3001 ulti-

1457 3065 1628 3119 mus
1681 3045 1984 3119 fuerunt
2033 3045 2168 3118 viri
2222 3045 2815 3140 praestantissimi,
2868 3045 3135 3120 scilicet
3186 3047 3364 3121 Cato
3415 3048 3806 3124 Censorius

1459 3172 1535 3242 et
1597 3165 1964 3241 Uticensis.
2037 3167 2218 3240 Cato
2285 3165 2484 3262 prior
2532 3165 2891 3240 oriundus
2957 3166 3050 3241 de
3106 3167 3421 3243 Tusculo
3488 3149 3799 3263 civitate,

1463 3307 1783 3382 proavus
1833 3286 2038 3360 istius
2097 3287 2387 3361 Catonis
2444 3285 2818 3380 UticensiS,
2870 3285 3153 3381 primus
3216 3288 3415 3362 venit
3464 3290 3798 3364 Romam.

1462 3409 1658 3504 Ergo
1691 3407 1778 3483 M.
1817 3407 2118 3482 Porcius
2167 3407 2371 3503 Cato,
2404 3429 2449 3481 a
2494 3428 2643 3502 quo
2683 3406 2927 3483 Portia
2966 3407 3235 3483 familia
3268 3409 3629 3505 originem
3672 3411 3805 3487 ha-

1461 3529 1644 3623 buit,
1683 3527 1972 3603 videtur
2006 3528 2344 3622 superior
2366 3527 2643 3603 Catone
2679 3528 3083 3623 posteriore
3108 3549 3255 3603 non
3296 3530 3535 3605 solum
3562 3538 3802 3626 aetate,

1461 3649 1590 3724 sed
1641 3649 1912 3723 virtute
1961 3654 2034 3723 et
2086 3648 2446 3743 probitate
2498 3646 2896 3742 multiplici.
2962 3650 3145 3723 Nam
3204 3650 3445 3744 primo
3504 3651 3800 3745 quidem

1462 3769 1870 3864 promeruit
1932 3788 2345 3865 cognomen
2414 3768 2787 3864 singulare
2855 3766 3246 3863 sapientiae,
3306 3770 3382 3843 in
3448 3792 3597 3865 qua
3654 3792 3801 3848 non

1459 3889 1750 3964 videtur
1799 3889 2076 3963 habere
2141 3908 2423 3983 parem,
2485 3887 2577 3962 de
2644 3888 2961 3961 naturali
3026 3889 3377 3984 sapientia
3428 3890 3796 3988 intellige3

1454 4016 1533 4086 et
1583 4030 1732 4084 non
1781 4010 2020 4084 solum
2075 4030 2421 4105 magnam
2477 4006 2929 4103 sapientiam,
2982 4009 3109 4083 sed
3172 4010 3395 4086 etiam
3446 4030 3793 4109 magnam

1457 4131 1834 4206 scientiam
1885 4130 2314 4222 literarum3
2358 4148 2504 4203 onec
2554 4126 2791 4202 solum
2828 4127 3054 4202 literis
3105 4129 3365 4225 latiniS,
3402 4130 3531 4206 sed
3572 4131 3793 4207 etiam

1455 4250 1716 4349 graecis
1765 4270 2070 4346 operam
2121 4248 2339 4343 dedit,
2392 4268 2562 4322 cum
2616 4254 2866 4323 tamen
2907 4248 3165 4323 latinas
3194 4250 3353 4346 jam
3392 4252 3637 4327 senior
3684 4250 3797 4325 di-

1453 4373 1760 4449 dicisset.
1805 4371 2101 4467 Scripsit
2150 4371 2419 4445 librum
2472 4372 2559 4443 de
2606 4371 3019 4463 oriqinibus,
3067 4390 3255 4466 opus
3294 4372 3683 4467 famosum,
3720 4382 3795 4451 et

1451 4496 1726 4569 librum
1776 4496 1864 4567 de
1911 4496 2405 4585 ayriculcura5
2468 4490 2602 4565 ruit
2662 4490 2858 4565 enim
2922 4492 3245 4586 optimus
3306 4492 3629 4589 agricola
3678 4492 3794 4567 sui

1451 4614 1824 4710 temporis
1875 4612 2080 4689 Ultra
2131 4611 2508 4687 scientiam
2566 4631 2911 4708 magnam
2958 4612 3213 4686 babuit
3246 4612 3605 4687 maiorem
3641 4614 3796 4689 elo·-

1451 4735 1828 4832 quentiam
1894 4756 2120 4829 quam
2189 4733 2452 4827 aliquis
2493 4726 2569 4825 (¹)
2631 4752 2815 4805 suus
2876 4738 3562 4828 contemporaneuS,
3624 4734 3795 4827 quia

1449 4856 1672 4931 latina
1726 4852 2142 4949 eloquentia
2195 4852 2523 4928 nondum
2568 4858 3009 4947 pervenerat
3056 4852 3152 4927 ad
3188 4874 3583 4943 summum
3632 4852 3795 4927 cul—

1574 5116 1629 5177 (“)
1665 5120 1772 5178 117,
1805 5116 1992 5181 aliquis
2021 5116 2164 5167 solus
2193 5128 2319 5166 ms
2350 5120 2733 5179 temporaneus.
