4392 6850
605 1335 1079 1430 INCIPIT
1115 1331 1492 1420 LIBER
1539 1319 2159 1422 SECUNDUS
2193 1329 2963 1420 PURHATOBII

1065 1503 1350 1590 Danti-3
1393 1499 1830 1613 Aldiqhmj
1855 1503 1942 1588 de
1984 1502 2379 1590 Florentia
2410 1490 2507 1589 (¹).

1643 1742 1910 1750 ———

602 2015 916 2084 INCIPIT
961 2013 1284 2080 PRIMUS
1331 2012 1661 2080 CANTUS
1707 2011 2132 2080 SECUNDAE
2177 2011 2567 2079 CANTICAE
2612 2013 2943 2096 DANTIS‚

759 2131 830 2194 in
873 2147 994 2211 quo
1039 2131 1276 2192 tractat
1315 2127 1477 2192 siem
1505 2147 1634 2208 per
1681 2123 1978 2191 Catonem
2021 2125 2285 2206 fuerunt
2326 2127 2511 2192 missi
2564 2128 2771 2194 visuri
2806 2150 2949 2212 11oe-

755 2259 880 2306 nas
923 2239 1284 2306 animarum
1313 2238 1721 2322 purqatovi63
1769 2243 1830 2303 et
1857 2242 1992 2302 tota
2033 2236 2163 2302 ista
2196 2237 2475 2304 secunda
2508 2239 2757 2306 cantica
2800 2260 2945 2308 con-

751 2351 924 2418 sistit
963 2351 1038 2416 in
1077 2349 1390 2430 moribus,-
1437 2354 1498 2414 et
1539 2348 1682 2414 ideo
1723 2351 1820 2414 ita
1861 2348 2140 2430 loquitur
2173 2347 2252 2414 de
2298 2345 2535 2416 Catone
2564 2355 2624 2415 et
2668 2350 2745 2416 de
2788 2373 2945 2435 qua-

757 2467 904 2528 tuor
946 2461 1160 2540 astris,
1208 2461 1362 2544 quia
1407 2457 1566 2526 Cato
1591 2459 1722 2542 fuit
1743 2465 1937 2545 pater
1967 2479 2243 2540 morum3
2280 2465 2341 2525 et
2372 2462 2647 2527 maxime
2676 2469 2949 2545 quatuor

757 2575 1060 2638 virtutum
1103 2571 1548 2639 cardinalium.

680 2979 700 3004 2
757 2847 985 3016 Cum
1033 2941 1252 3030 poeta
1299 2933 1540 3010 honus
1589 2941 1664 3010 et
1712 2935 1990 3032 peritus
2039 2935 2132 3010 sit
2177 2937 2299 3012 ille
2332 2937 2459 3031 qui
2492 2938 2833 3014 describit
2872 2947 2949 3014 et

483 3083 494 3096 ·
601 3058 1048 3135 determinat
1083 3077 1691 3151 unamquamque
1725 3077 1884 3132 rem
1919 3061 2331 3134 secundum
2366 3081 2581 3135 suam
2616 3061 2949 3156 proprie-

607 3185 834 3257 tatem
885 3182 961 3252 et
993 3177 1402 3272 veritatem,
1447 3183 1528 3250 ut
1566 3177 1816 3252 scribit
1845 3179 2317 3274 philosophus
2348 3180 2425 3254 in
2460 3201 2597 3255 sua
2632 3180 2950 3276 poetria3

604 3303 822 3394 poeta
885 3297 1154 3371 Dentes
1204 3296 1564 3394 descripto
1613 3297 1936 3392 perfecte
1983 3298 2269 3374 inferno
2332 3301 2739 3376 secundum
2791 3301 2951 3375 exi·

603 3418 930 3516 gentiam
959 3417 1113 3511 rei,
1165 3417 1240 3493 in
1291 3439 1440 3513 quo
1489 3419 1736 3517 agitur
1783 3419 1878 3496 de
1925 3426 2118 3495 statu
2171 3421 2601 3497 vitiosorum
2659 3421 2953 3499 realiter

607 3548 684 3616 et
717 3539 1118 3633 moraliter,
1139 3538 1357 3634 juxta
1381 3538 1697 3614 formam
1731 3540 2068 3634 promissi
2095 3542 2369 3617 ordinis
2394 3542 2739 3619 describit
2770 3563 2955 3637 pur-

605 3660 978 3761 gatorium
1031 3660 1108 3734 in
1157 3681 1308 3754 quo
1357 3660 1687 3735 similiter
1735 3660 1982 3757 agitur
2037 3662 2132 3737 de
2191 3668 2383 3737 statu
2450 3663 2951 3737 recedentium

602 3800 658 3855 a
709 3779 913 3853 vitiis,
965 3780 1121 3877 Ego
1154 3800 1336 3855 vero
1384 3786 1830 3855 exoneratus
1861 3780 2315 3876 expositione
2352 3782 2513 3856 libri
2548 3782 2786 3877 primi,
2822 3802 2955 3858 ve-

609 3902 722 3983 lut
769 3902 922 3996 ipse
971 3901 1046 3974 in
1093 3907 1305 3997 parte
1339 3900 1606 3977 laboris
1641 3901 1908 3977 fuerim
1943 3922 2116 3977 cum
2151 3910 2442 3997 autore,
2478 3904 2795 3979 alacrius
2826 3924 2955 3978 ac-

609 4020 794 4097 cedo
841 4020 937 4095 ad
983 4020 1554 4095 declarationem
1605 4021 1929 4116 secundi,
1979 4023 2106 4117 qui
2140 4024 2305 4117 plus
2352 4022 2793 4099 difficultatis
2844 4022 2955 4097 vi-

609 4142 830 4220 detur
877 4142 1156 4217 habere
1207 4142 1490 4217 ratione
1540 4142 1870 4217 materia}
1927 4142 2205 4217 altioris
2267 4151 2343 4218 et
2405 4144 2801 4239 ignotior-is.
2866 4144 2957 4217 Et

607 4261 850 4357 primo
917 4260 1218 4355 quidem
1282 4266 1518 4335 totum
1577 4261 1800 4337 istum
1864 4262 2134 4337 librum
2204 4261 2623 4339 distinctum
2686 4263 2761 4337 in
2824 4264 2957 4337 tri-

607 4383 810 4482 ginta
863 4383 1000 4457 tria
1051 4382 1392 4477 capitula,
1445 4389 1528 4456 ut
1577 4402 1710 4477 per
1760 4404 1842 4459 se
1889 4390 2110 4481 patet,
2161 4384 2404 4460 divido
2462 4384 2537 4457 in
2586 4390 2737 4459 tres
2786 4403 2959 4479 par-

612 4512 724 4581 tes
769 4504 1186 4601 integrales,
1251 4524 1572 4597 quarum
1639 4505 1954 4599 primam
2017 4526 2203 4579 voco
2264 4503 2957 4609 antipurgatorium‚

609 4624 1014 4705 secundam
1073 4626 1612 4721 purgatorium,
1665 4625 1956 4701 tertiam
2016 4645 2198 4701 vero
2254 4626 2954 4723 postpurgatorium.

605 4747 862 4823 Prima
909 4766 1080 4840 pars
1129 4744 1450 4821 continet
1499 4744 1740 4819 solum
1786 4745 2075 4840 aliquos
2117 4745 2481 4843 relegatos
2514 4754 2725 4821 extra
2778 4766 2961 4840 pur-

604 4865 986 4964 gatorium
1039 4874 1336 4960 propter
1369 4865 1732 4940 tardatam
1785 4865 2311 4961 poenitentiam,
2352 4866 2481 4961 qui
2522 4865 2799 4941 vadunt
2838 4884 2961 4939 er-

741 5050 796 5115 (¹)
827 5050 889 5102 E.
921 5050 1108 5115 Incipit
1138 5056 1495 5102 commentum
1527 5052 1763 5115 magistri
1792 5052 2079 5103 Benvenuti
2112 5052 2176 5102 de
2216 5052 2406 5104 Ymola
2452 5066 2610 5117 super
2650 5051 2961 5117 Purgatorio

619 5130 669 5180 in
700 5130 840 5181 libro
869 5129 1052 5179 Datis
1081 5127 1378 5193 Aneghorii
1409 5134 1578 5193 poeto
1608 5128 1870 5181 florentini
1901 5126 2190 5181 clarissimi.

883 5235 966 5279 111.
2670 5236 2691 5277 1
