4392 6850
1234 886 1515 943 cm'rus
1564 890 1878 945 umus
1924 888 2266 944 oca-Avus.
2765 877 2900 946 481

565 1040 631 1107 et
686 1034 843 1107 dell’
868 1052 1155 1107 assensn
1218 1035 1325 1107 de’
1358 1040 1549 1108 tener
1606 1038 1680 1109 la
1736 1036 1992 1127 sequa,
2042 1034 2248 1129 idest,
2303 1034 2536 1109 virtus
2568 1034 2904 1133 -eligendi

564 1156 839 1229 honum
891 1173 940 1228 a
992 1154 1233 1247 malo;
1286 1152 1449 1229 ideo
1510 1154 1793 1230 subdit:
1861 1162 2102 1250 questa
2154 1152 2201 1229 e*
2249 1158 2306 1229 il
2343 1158 2718 1249 principio,
2768 1154 2910 1229 sci-

565 1275 753 1369 licet,
804 1275 1141 1349 voluntas
1190 1273 1494 1369 arbitrii,
1546 1296 1715 1369 quae
1774 1283 1885 1351 est
1943 1276 2378 1372 principium
2431 1276 2904 1350 intrinsecum

566 1394 969 1488 volitivum‚
1020 1384 1093 1467 ἰὰ
1141 1397 1323 1468 onde
1366 1398 1431 1467 si
1470 1398 1694 1487 piqh'a
1742 1400 1997 1489 cayion
2044 1401 2123 1471 di
2168 1400 2463 1471 mer-ilar
2497 1399 2586 1470 in
2635 1398 2752 1470 voi
2795 1416 2908 1468 se-

567 1518 791 1591 condo
837 1516 959 1589 elce
1005 1535 1237 1607 amor,
1290 1520 1537 1590 rectus
1602 1523 1679 1590 et
1745 1536 2185 1612 perversus,.
2227 1520 2530 1609 accoqlie
2578 1539 2616 1590 e
2663 1518 2902 1608 viylia,

566 1634 769 1729 idest,
820 1634 1075 1729 recipit
1122 1640 1197 1708 et
1246 1635 1578 1729 expellit:
1616 1643 1691 1711 et
1730 1643 1842 1711 est
1883 1637 2197 1711 verbum
2234 1636 2678 1711 rusticorum
2724 1655 2906 1730 pur-

438 1756 453 1771 ·
567 1756 896 1853 gantium
932 1754 1390 1829 frumentum
1443 1755 1517 1829 in
1566 1776 1771 1850 area,
1808 1756 1935 1851 qui
1972 1756 2369 1833 excludunt
2403 1756 2774 1852 superflua
2808 1755 2904 1831 ab

567 1878 1033 1951 (θα-θοῶν.
1068 1873 1199 1949 Hic
1232 1872 1576 1971 vitgilius
1603 1876 1696 1949 ad
1732 1875 2321 1975 confirmandum
2357 1875 2900 1951 conclusionem

566 2016 778 2071 suam
828 1994 1123 2069 adducit
1170 1994 1528 2090 optimum
1582 2006 2136 2093 argumentum,
2173 1996 2348 2091 quia
2401 1996 2904 2092 sapientissimi

566 2114 975 2208 hominum,
1034 2114 1223 2189 sicut
1278 2115 1722 2211 AristoteleS,
1788 2117 1993 2191 Plato
2053 2122 2129 2191 et
2185 2116 2306 2191 alii
2371 2116 2907 2192 adinvenerunt

568 2234 971 2309 doctrinam
1028 2236 1383 2311 moralem
1422 2256 1555 2331 per
1586 2257 1811 2331 quam
1850 2237 2183 2312 homines
2219 2237 2553 2312 viverent
2587 2238 2905 2332 pruden-

566 2361 679 2429 ter
728 2353 805 2428 in
857 2354 1155 2449 mundo,
1192 2356 1385 2449 quod
1424 2355 1761 2431 fecissent
1794 2340 2065 2431 frustra
2106 2362 2486 2452 perempta
2527 2356 2805 2431 arbitrii
2825 2348 2900 2449 (¹)

564 2473 921 2549 libertate.
991 2474 1174 2549 Dicit
1239 2495 1458 2573 ergo:
1517 2478 1755 2567 Color,
1813 2476 2101 2569 scilicet,
2162 2475 2562 2571 philosophi
2633 2477 2904 2573 magni,

567 2596 685 2667 che
728 2598 1211 2688 rayionando,
1252 2595 1456 2690 idest,
1494 2595 1991 2670 ratiocinando
2024 2602 2099 2671 et
2130 2595 2585 2691 disputando,
2621 2599 2906 2671 undaro

570 2718 646 2789 al
683 2718 935 2811 fonde,
968 2715 1173 2811 idest,
1206 2716 1301 2790 ad
1342 2716 1789 2811 profundum
1842 2715 2212 2791 rationum
2262 2722 2622 2809 quantum
2675 2715 2905 2811 possi-

567 2835 711 2913 bile
758 2844 871 2912 est
902 2838 1231 2911 humano
1264 2835 1555 2932 ingenio
1590 2836 1782 2911 inter
1817 2842 1921 2911 tot
1954 2856 2276 2931 errores,
2317 2836 2504 2911 sicut
2539 2836 2906 2932 praecipue

568 2957 1033 3053 philosophus
1063 2947 1136 3049 (¹)
1188 2954 1372 3029 libro
1422 2956 1874 3051 Ethicorum‚
1906 2960 1965 3030 s’
1990 2977 2364 3030 accersero
2402 2958 2474 3030 α’
2498 2964 2646 3031 esta
2696 2958 2906 3030 liber-

568 3084 727 3169 tate,
798 3076 1089 3171 scilicet,
1156 3076 1461 3171 arbitrii,
1516 3080 1791 3170 innata,
1860 3078 2155 3171 scilicet,
2224 3077 2665 3172 hominibuS,
2723 3070 2904 3171 perd

566 3187 897 3271 moratitd
930 3200 1237 3271 lasciaro
1269 3199 1348 3270 al
1376 3198 1660 3289 monde,
1702 3196 2159 3272 resraenando
2198 3196 2608 3272 libertatem
2650 3217 2742 3272 ne
2774 3198 2906 3273 de-

568 3315 870 3391 clinaret
917 3317 1012 3391 ad
1062 3317 1367 3391 malum.
1405 3317 1491 3389 Et
1526 3316 1929 3392 concludit:
1972 3320 2155 3391 onde
2181 3318 2526 3410 poniamo
2575 3320 2695 3390 elce
2744 3322 2912 3409 oqui

569 3456 799 3529 amor,
850 3437 1005 3512 sive
1062 3436 1256 3531 boni,
1308 3437 1462 3512 sive
1514 3437 1709 3532 mali,
1760 3440 1878 3512 che
1928 3441 2175 3512 dentro
2239 3459 2288 3510 a
2337 3441 2454 3512 voi
2507 3442 2565 3512 ε’
2583 3441 2906 3531 accende,

569 3557 740 3651 quia
789 3557 989 3632 venit
1036 3557 1129 3632 ab
1180 3563 1417 3650 extra,
1466 3579 1687 3649 sor-,qa
1720 3561 1795 3631 in
1828 3561 1945 3631 voi
1978 3559 2056 3632 di
2092 3562 2512 3650 necessitate,
2548 3559 2720 3653 quia
2773 3579 2904 3635 ne-

569 3677 839 3752 sciebat
889 3677 1087 3752 unde
1138 3677 1425 3752 veniret
1472 3678 1879 3752 intellectus
1912 3677 2324 3772 primarum
2361 3679 2786 3754 notitiarum
2833 3686 2908 3754 et

566 3797 778 3892 primi
832 3806 1097 3892 motu5‚
1156 3801 1231 3871 in
1287 3800 1402 3870 voi
1460 3793 1501 3872 e*
1557 3800 1632 3871 la
1680 3801 2043 3890 podestate
2106 3802 2183 3873 di
2247 3803 2602 3892 ncenerlo,
2663 3800 2902 3894 ipsum

568 3937 925 4013 amorem,
964 3939 1059 3994 ne
1090 3917 1400 3994 declinet
1432 3917 1524 3992 ad
1560 3919 1867 3992 malum.
1904 3919 1993 3992 Et
2024 3919 2141 3994 hic
2182 3925 2375 4014 nota,
2417 3920 2670 4013 lector,
2706 3919 2902 4014 quod

568 4039 701 4113 ista
770 4038 957 4113 ratio
1016 4039 1076 4112 si
1138 4039 1329 4114 hene
1392 4036 1897 4113 consideratur
1960 4039 2326 4113 convincit
2389 4059 2666 4114 omnes
2727 4038 2904 4127 Quis

570 4159 761 4234 enim
827 4165 940 4234 est
1002 4157 1125 4234 ille
1182 4158 1511 4233 medicus
1567 4157 1693 4251 qui
1757 4157 1932 4232 velit
2004 4158 2416 4233 consentire
2491 4158 2687 4253 quod
2755 4179 2902 4232 non

570 4279 901 4374 expediat
950 4297 1221 4353 curare
1268 4281 1683 4374 aegrotum?
1734 4275 1929 4371 quod
1982 4283 2232 4352 tamen
2283 4286 2474 4352 esset
2517 4299 2807 4372 verum,
2841 4278 2904 4352 si

566 4398 812 4474 omnia
878 4398 971 4473 de
1037 4397 1468 4472 necessitate
1536 4396 1951 4490 evenirent3
2021 4395 2185 4490 quis
2251 4399 2666 4493 astrologus
2732 4398 2906 4472 velit

567 4538 781 4592 suam
842 4524 1081 4593 artem
1141 4516 1500 4610 damnari,
1550 4535 1724 4590 cum
1786 4515 1977 4590 dicat
2034 4535 2248 4611 posse
2304 4517 2584 4591 obviari
2635 4516 2904 4591 futuris

566 4636 1169 4734 contingentibuS,
1222 4637 1281 4712 si
1333 4637 1715 4732 praesciatu
1725 4657 1767 4710 r·
1792 4627 1865 4728 (³)
1920 4657 2051 4732 per
2108 4643 2350 4712 artem
2415 4658 2628 4712 suam
2649 4643 2682 4711 i
2743 4639 2906 4733 quis

557 4756 787 4852 judex
841 4777 987 4832 non
1036 4757 1395 4832 irascatur
1456 4756 1517 4830 si
1578 4756 1863 4831 dicatur
1922 4756 2057 4830 sibi
2117 4757 2314 4851 quod
2377 4757 2640 4832 iniuste
2699 4759 2922 4860 punit

690 4941 749 5006 (¹)
780 4942 843 4993 Β.
875 4942 1027 4993 liberi
1056 4943 1257 4994 arbitrii
1290 4944 1541 4995 libertate.
1790 4942 1845 5006 (⁸)
1878 4943 1940 4994 Ε.
1974 4943 2310 5007 philosophus
2343 4944 2486 5007 ponit
2517 4945 2572 4994 in
2605 4943 2756 4995 libro.

693 5020 751 5083 (')
782 5023 887 5080 11⁷,
920 5019 1273 5082 praesciantur.

828 5125 910 5170 m.
2582 5129 2634 5170 81
