4392 6850
1471 989 1746 1046 CAN'rns
1797 989 2184 1046 SECUNDUS.
2889 977 2977 1044 61

637 1153 1022 1229 nunquam
1073 1140 1309 1229 potest
1361 1133 1740 1230 submergi
1792 1134 1868 1209 in
1929 1134 2112 1208 mari
2177 1134 2397 1208 huius
2452 1134 2729 1209 mundi.
2782 1133 2989 1210 Unde

636 1255 818 1330 dixit
843 1247 916 1348 (¹)
970 1255 1338 1329 Christus:
1383 1257 1660 1345 Royavi
1696 1275 1842 1347 pro
1893 1262 1982 1346 te,
2034 1260 2264 1344 Petre,
2316 1261 2391 1328 ut
2443 1257 2622 1348 fides
2670 1261 2791 1328 tua
2838 1273 2987 1326 non

637 1378 930 1468 deficiat.
981 1374 1152 1449 Ideo
1203 1374 1392 1448 bene
1425 1380 1535 1448 est
1567 1374 1736 1448 alba
1769 1380 1846 1449 et
1878 1395 2066 1470 pura
2101 1374 2235 1448 ista
2282 1375 2509 1469 naviS,
2546 1375 2735 1450 sicut
2782 1373 2989 1468 fides„

639 1495 768 1578 ,nbi
805 1493 1006 1568 navis
1041 1493 1424 1569 charontis
1457 1499 1568 1568 est
1604 1493 1814 1590 nigra
1847 1499 1922 1568 et
1953 1493 2293 1587 obscura,
2322 1494 2417 1569 de
2446 1515 2595 1590 qua
2622 1495 2793 1570 dicit
2827 1493 2993 1567 Vir-

639 1615 856 1711 gilius
882 1615 971 1689 VI
1013 1614 1357 1689 Eneidos:
1393 1619 1484 1687 Et
1522 1617 1934 1708 ferruginea
1963 1614 2313 1688 subvectat
2352 1635 2666 1708 corpora
2712 1615 2981 1708 cymba.

637 1736 726 1809 Et
773 1734 1118 1810 describit
1169 1733 1471 1809 modum
1523 1734 1911 1830 navigandi
1961 1734 2166 1808 istius
2219 1743 2465 1812 nautae
2512 1735 2835 1832 gloriosi,
2877 1734 2989 1808 di·-

639 1877 870 1932 cens:
903 1859 960 1930 il
993 1858 1295 1930 celestia!
1323 1856 1712 1947 noccliiem,
1747 1855 2020 1944 scilicet
2055 1854 2376 1952 Angelus
2417 1856 2684 1930 missus
2716 1876 2761 1929 a
2796 1856 2985 1930 coelo

640 1977 734 2053 ad
784 1976 1198 2052 eruendum
1225 1966 1300 2068 (²)
1339 1974 1648 2050 miseros
1681 1974 1774 2050 de
1807 1975 2148 2050 fluctibus
2200 1982 2743 2072 tempestatum,
2780 1983 2987 2048 stava

643 2099 744 2170 da
782 2117 1050 2189 poppa,
1099 2095 1286 2170 sicut
1335 2100 1446 2170 est
1501 2095 1594 2170 de
1663 2115 1876 2169 more
1930 2095 2507 2190 gubernantium
2568 2096 2840 2171 navim.
2894 2095 2986 2168 Et

639 2216 838 2291 addit
885 2215 978 2290 ad
1027 2221 1512 2312 augmentum
1564 2214 1862 2290 maioris
1911 2213 2419 2310 perfectionis:
2472 2219 2576 2290 tal
2620 2218 2741 2289 che
2784 2217 2986 2309 faria

634 2338 834 2410 beato
882 2357 1024 2428 per
1083 2339 1374 2427 ism-itte,
1425 2355 1522 2410 ne
1591 2335 1771 2410 dum
1835 2335 2053 2429 visus,
2119 2335 2311 2410 sicut
2372 2357 2570 2411 nunc
2634 2357 2777 2432 ego
2840 2335 2981 2410 vidi

635 2477 835 2551 eum,
888 2457 1057 2532 licet
1105 2458 1364 2532 oculus
1417 2477 1560 2530 non
1611 2463 1804 2531 esset
1842 2456 2048 2530 fortis
2097 2457 2188 2531 ad
2243 2462 2521 2530 tantam
2568 2455 2979 2530 claritatem

637 2575 1175 2670 sustinendam3
1228 2581 1302 2650 et
1351 2575 1558 2650 dicit:
1599 2597 1638 2648 e
1674 2571 1804 2668 pini
1853 2579 1928 2650 di
1973 2583 2168 2649 cento
2206 2579 2411 2669 spiret·
2456 2583 2657 2650 enlro
2706 2579 2983 2667 sedere,

639 2717 774 2791 pro
821 2695 1194 2790 sedebant,
1246 2695 1454 2789 quasi
1505 2693 1717 2790 dicat,
1786 2695 2047 2789 multi3
2109 2701 2357 2770 tamen
2415 2695 2705 2770 Charon
2758 2696 2980 2770 habet

645 2815 1002 2890 maiorem
1056 2815 1596 2890 multitudinem
1650 2815 1726 2888 in
1773 2835 1911 2890 sua
1963 2815 2130 2889 navi
2181 2815 2553 2909 continuo,
2616 2815 2789 2910 quia
2847 2833 2984 2910 pro

645 2956 796 3010 uuo
847 2935 974 3030 qui
1027 2935 1254 3010 tendit
1302 2934 1394 3009 ad
1443 2934 1968 3030 poenitentiam,
2022 2934 2221 3009 mille
2270 2941 2439 3008 sunt
2499 2935 2623 3029 qui
2676 2935 2985 3009 tendunt

639 3057 733 3132 ad
780 3056 1258 3152 peccandum.
1284 3096 1384 3110 --
1408 3060 1496 3128 In
1542 3059 1755 3129 exitu.
1807 3056 1940 3130 Hic
1997 3061 2213 3150 poeta
2276 3056 2617 3132 describit
2680 3061 2979 3130 cantum

639 3178 932 3253 illarum
983 3177 1424 3250 animarum.
1493 3176 1583 3250 Et
1641 3176 1736 3250 ad
1797 3175 2343 3273 intelligentiam
2408 3177 2629 3250 buius
2680 3176 2987 3252 fictionis

641 3297 1050 3372 artificiosae
1085 3297 1250 3371 volo
1301 3305 1376 3371 te
1424 3295 1664 3392 primo
1697 3297 1908 3391 scire,
1945 3296 2142 3391 quod
2183 3297 2540 3394 AEgyptus
2578 3296 2749 3370 satis
2782 3316 2987 3370 com-

645 3421 1034 3495 mendatur
1083 3419 1177 3493 ab
1217 3417 1640 3513 autoribus;
1676 3425 1752 3493 et
1785 3418 2022 3514 primo
2058 3417 2356 3513 quidem
2394 3417 2489 3493 ab
2532 3416 2988 3512 antiquitate,

643 3540 838 3615 unde
902 3540 1110 3614 Plato
1171 3536 1248 3613 in
1310 3538 1634 3614 Thimaeo
1703 3540 1864 3613 vult
1922 3540 2122 3634 quod
2185 3539 2545 3613 diluvium
2604 3558 2750 3612 non
2818 3558 2989 3632 per-

643 3660 925 3735 venerit
975 3660 1066 3735 ad
1117 3680 1267 3735 eos.
1318 3660 1772 3756 Augustinus
1823 3668 2072 3735 tamen
2122 3658 2311 3734 libro
2358 3658 2452 3734 de
2502 3658 2807 3744 Civitate
2853 3655 2981 3731 Dei

643 3788 900 3858 contra
949 3783 1088 3856 hoc
1137 3778 1329 3875 dicit,
1384 3781 1582 3875 quod
1631 3782 1770 3855 hoc
1821 3791 1932 3858 est
1981 3800 2246 3855 verum
2298 3779 2393 3855 de
2438 3778 2714 3855 diluvio
2764 3777 2989 3874 parti-

641 3902 880 3978 culari
915 3901 1112 3997 quod
1153 3900 1288 3977 fuit
1319 3900 1394 3974 in
1427 3900 1709 3975 Graecia
1751 3907 2084 3995 tempore
2122 3900 2583 3975 Deucalionis
2622 3906 2699 3974 et
2730 3896 2988 3994 Ogygii

647 4022 874 4120 regis3
900 4022 1027 4097 sed
1062 4021 1418 4096 diluvium
1455 4022 1804 4118 generale
1837 4021 2034 4115 quod
2071 4021 2207 4094 fuit
2244 4028 2577 4115 tempore
2608 4022 2765 4094 Noe
2797 4020 2987 4093 bene

641 4142 976 4238 pervenit
1033 4142 1125 4217 ad
1193 4141 1543 4238 oegyptios
1594 4148 1669 4215 et
1715 4140 1811 4215 ad
1859 4160 2136 4215 omnes
2191 4142 2279 4213 Et
2337 4140 2431 4215 de
2488 4138 2761 4213 diluvio
2820 4157 2991 4233 par-

643 4262 929 4339 ticulari
964 4262 1292 4355 loquitur
1326 4262 1549 4337 etiam
1585 4260 2008 4336 Aristoteles
2039 4260 2227 4335 libro
2255 4260 2829 4351 problematum,
2858 4257 2993 4351 qui

641 4384 812 4458 dicit
860 4382 1061 4477 quod
1111 4382 1504 4458 orientales
1537 4383 1838 4457 fuerunt
1876 4382 2372 4477 sapientiores,
2409 4381 2584 4475 quia
2628 4379 2986 4454 diluvium

645 4524 792 4579 non
841 4504 1173 4600 pervenit
1221 4503 1316 4578 ad
1381 4524 1528 4579 eos.
1589 4503 2170 4579 commendatur
2228 4502 2455 4577 etiam
2518 4501 2881 4598 AEgyptus
2943 4520 2990 4575 a

646 4622 1032 4718 fertilitate,
1084 4623 1258 4717 quia
1320 4630 1402 4697 ut
1449 4623 1554 4698 ait
1599 4622 1988 4696 Lucanus:
2052 4626 2277 4696 Terra
2314 4623 2459 4695 stn‘s
2487 4623 2819 4714 foecunda
2866 4622 2994 4691 bo·-

643 4745 774 4816 m's.
829 4742 970 4817 Sed
1019 4742 1222 4818 certe
1269 4750 1472 4819 terra
1513 4748 1626 4817 est
1661 4744 1875 4838 plena
1913 4741 2393 4837 serpentibuS,
2428 4742 2677 4815 calore
2727 4747 2803 4815 et
2848 4740 2995 4814 sic·-

639 4862 884 4957 citate,
952 4863 1166 4958 plena
1234 4864 1578 4939 monstris
1642 4870 1718 4939 et
1784 4862 2451 4958 superstitionibuS,
2520 4862 2733 4937 cuius
2808 4882 2993 4957 gens

771 5133 828 5195 (¹)
860 5132 920 5183 E.
953 5132 1082 5183 dixit
1113 5132 1368 5185 Dominus
1397 5134 1550 5185 Iesus
1577 5132 1826 5185 Christus.
2111 5129 2165 5193 (²)
2200 5136 2308 5191 117,
2342 5129 2701 5182 circuendum.
