4392 6850
1461 915 1603 984 398
2175 927 2583 984 commum
2632 929 3078 984 runGA'ronn

1465 1072 1626 1148 liori
1679 1073 1796 1149 via
1827 1074 1888 1148 si
1923 1073 2172 1148 fuisset
2205 1071 2619 1166 expediens
2662 1071 2749 1146 Et
2784 1071 3013 1168 tangit
3047 1091 3473 1166 processum
3508 1091 3797 1165 eorum,

1459 1197 1534 1266 et
1572 1193 1886 1287 primam
1923 1213 2182 1268 vocem
2222 1213 2451 1286 quam
2484 1193 2931 1270 audiverunt
2966 1191 3039 1268 in
3073 1192 3210 1267 isto
3248 1192 3801 1267 itinere-contra

1457 1311 1827 1409 invidiam,
1877 1314 2166 1390 dicens:
2214 1317 2341 1406 poi
2383 1316 2652 1406 summo
2694 1317 2857 1408 fatti
2902 1314 3037 1386 soli
3084 1314 3578 1406 procedendo;
3628 1311 3801 1406 quia

1463 1432 1586 1506 ubi
1640 1433 1878 1528 primo
1928 1433 2479 1530 praemouebam
2531 1432 2604 1508 in
2654 1431 3019 1527 colloquio
3070 1451 3243 1506 cum
3310 1431 3445 1506 illis
3509 1431 3801 1507 duobus

1461 1552 1827 1647 spiritibus
1860 1552 1952 1628 de
1985 1553 2487 1646 Romandiola,
2522 1573 2721 1627 nunc
2760 1551 2961 1626 ibant
3010 1550 3167 1627 sine
3214 1551 3694 1626 sermone‘ad
3724 1543 3799 1644 (¹)

1461 1671 1656 1747 viam
1721 1693 1960 1748 suam.
2030 1673 2116 1746 Et
2183 1693 2358 1748 ecce
2424 1693 2647 1747 unam
2720 1692 2981 1748 vocem
3050 1692 3223 1747 cum
3294 1671 3570 1767 impetu
3645 1692 3803 1746 ma·-

1461 1814 1607 1890 gno
1657 1795 1899 1869 subito
1949 1795 2193 1869 sonuit
2242 1794 2318 1868 in
2367 1813 2565 1889 aere,
2606 1800 2682 1870 et
2732 1794 2889 1868 haec
2940 1798 3101 1868 erat
3150 1813 3296 1868 vox
3346 1813 3571 1888 quam
3627 1793 3801 1867 olim

1459 1913 1639 1988 dixit
1688 1915 1885 1990 Cain.
1955 1917 2042 1988 Et
2107 1915 2201 1990 ad
2264 1914 2481 1989 huius
2549 1915 2779 1988 literae
2845 1913 3419 2009 intelligentiam,
3473 1933 3643 2008 quae
3694 1913 3804 1987 vi-

1458 2033 1675 2110 detur
1725 2035 1929 2110 sortis
1979 2043 2052 2112 et
2117 2055 2164 2110 a
2230 2036 2479 2110 multis
2546 2035 2741 2110 male
2798 2033 3185 2128 intellecta,
3236 2039 3347 2108 est
3398 2033 3803 2108 notandum

1462 2155 1660 2248 quod
1707 2163 1919 2250 poeta
1978 2162 2226 2231 noster
2274 2156 2414 2230 sub
2463 2155 2597 2231 ista
2654 2154 2945 2230 fictione
2994 2153 3153 2228 vult
3209 2154 3453 2229 dicere
3510 2159 3806 2230 senten-

1461 2274 1722 2350 tialiter
1773 2274 1848 2350 in
1899 2276 2191 2370 effectu,
2244 2275 2441 2370 quod
2495 2276 2719 2350 homo
2770 2276 3023 2350 volens
3074 2274 3389 2350 fraenare
3438 2274 3513 2348 in
3562 2294 3647 2350 se
3696 2274 3807 2349 vi-

1459 2395 1644 2469 tium
1687 2396 1997 2490 invidiae,
2033 2395 2251 2471 debet
2282 2395 2377 2470 ad
2414 2401 2738 2470 mentem
2776 2416 3133 2471 revocare
3166 2393 3511 2470 effectum
3548 2394 3804 2490 primae

1463 2513 1749 2590 invidiae
1803 2535 1971 2611 quae
2023 2513 2157 2588 fuit
2208 2515 2279 2589 in
2332 2515 2569 2590 terris,
2622 2516 2807 2588 Nam
2861 2515 3141 2610 primus
3192 2517 3415 2590 homo
3468 2521 3685 2590 natus
3734 2516 3805 2591 in

1466 2634 1768 2729 mundo,
1819 2635 1974 2710 sola
2023 2634 2291 2710 invidia
2341 2634 2605 2711 diaboli
2658 2655 2805 2730 qua
2858 2635 3030 2709 mali
3082 2634 3405 2710 invident
3448 2635 3680 2728 bonis,
3724 2643 3807 2709 ut

1467 2756 1567 2830 ait
1615 2755 2089 2851 AugustinuS,
2141 2754 2503 2830 interfecit
2554 2755 2859 2830 fratrem
2924 2775 3146 2828 suum
3200 2754 3577 2850 juniorem
3629 2754 3807 2831 Abel

1459 2877 1744 2974 justum
1780 2882 1854 2950 et
1888 2875 2393 2970 innocentem3
2431 2882 2727 2971 propter
2760 2875 2957 2970 quod
2991 2853 3187 2950 Deus
3227 2875 3599 2950 maledixit
3632 2895 3805 2952 eum

1471 3017 1710 3090 usque
1759 2996 1832 3070 in
1873 2995 2259 3090 septimam
2294 2995 2871 3090 generationem,
2909 2995 3036 3090 qui
3069 3000 3321 3089 postea
3360 2995 3529 3070 fecit
3561 2995 3809 3072 omnia

1470 3116 1747 3190 scelera
1799 3137 2093 3212 magna,
2145 3121 2220 3190 et
2279 3136 2453 3190 suos
2510 3115 2839 3188 invitavit
2898 3114 2993 3190 ad
3052 3115 3430 3189 latrocinia
3492 3121 3567 3190 et
3617 3115 3810 3209 rapi-

1469 3259 1599 3312 nas
1650 3244 1785 3313 etc.
1839 3236 2051 3311 Modo
2098 3235 2194 3310 ad
2244 3235 2695 3331 propositum
2760 3241 2976 3331 poeta
3042 3242 3289 3312 noster
3350 3234 3552 3333 fingit
3611 3234 3810 3331 quod

1471 3378 1614 3434 vox
1667 3357 1844 3434 Cain
1895 3356 2215 3433 insonuit
2262 3357 2569 3433 auribus
2625 3356 2885 3433 mentis
2930 3356 3111 3433 eius.
3148 3355 3333 3432 Dicit
3382 3377 3563 3453 ergo
3594 3381 3613 3431 ε
3650 3379 3813 3432 voce

1471 3482 1590 3554 che
1635 3482 1878 3570 yiunse
1927 3480 2002 3551 di
2049 3486 2325 3569 contre,
2380 3476 2677 3553 veniens
2730 3478 2937 3552 nobis
2974 3477 3049 3551 in
3088 3498 3485 3553 occursum
3536 3478 3631 3553 ad
3680 3478 3811 3553 ad-

1471 3598 1948 3673 monitionem
1983 3603 2337 3689 nostram,
2376 3600 2668 3671 diemde
2687 3621 2712 3669 .-
2750 3600 3258 3671 anciderammi
3288 3602 3680 3691 qualunque
3720 3602 3815 3671 mi

1468 3721 1754 3812 prende.
1807 3718 1949 3792 Ista
1997 3718 2303 3792 fuerunt
2344 3716 2571 3791 verba
2604 3716 2829 3791 Cain:
2869 3738 3037 3792 nam
3073 3737 3247 3791 cum
3283 3716 3639 3792 Dominus
3690 3738 3813 3812 pe-

1473 3844 1665 3913 teret
1711 3837 1809 3913 ab
1859 3858 1950 3912 eo
2003 3836 2128 3911 ubi
2177 3842 2369 3911 esset
2420 3835 2646 3911 frater
2708 3857 2891 3911 suus
2952 3835 3153 3931 Abel,
3208 3836 3361 3933 ipse
3424 3836 3809 3933 respondit,

1475 3957 1672 4053 quod
1723 3978 1872 4032 non
1921 3962 2082 4033 erat
2130 3964 2375 4031 custos
2428 3956 2671 4031 fratris
2720 3957 2857 4031 sui.
2920 3957 3010 4030 Et
3066 3977 3241 4032 cum
3300 3958 3655 4033 Dominus
3704 3958 3813 4033 di-

1473 4084 1677 4155 ceret
1706 4069 1804 4171 (²),
1857 4077 2055 4173 quod
2122 4078 2277 4173 ipse
2338 4075 2706 4152 occiderat
2772 4098 2989 4173 eum3
3051 4078 3447 4173 desperans
3507 4079 3687 4154 dixit
3736 4100 3813 4155 se

1473 4198 1952 4275 occidendum
1986 4188 2060 4292 (³)
2109 4200 2208 4274 ab
2256 4198 2599 4273 omnibus
2638 4198 2846 4273 feris:
2882 4205 2958 4275 et
3006 4206 3257 4276 tamen
3297 4208 3551 4296 postea
3583 4202 3811 4276 inter-

1472 4320 1705 4395 fectus
1755 4326 1866 4395 est
1913 4320 1988 4393 in
2047 4320 2251 4417 sylva
2310 4340 2483 4394 cum
2548 4320 2827 4417 sagipta
2876 4341 2921 4396 a
2952 4308 3027 4413 (⁸)
3088 4328 3353 4417 nepote
3412 4342 3571 4397 suo.
3635 4322 3816 4397 Dicit

1471 4460 1692 4538 ergo:
1740 4462 1968 4533 parve
2009 4444 2291 4535 folyore
2324 4442 2609 4533 quando
2657 4442 2703 4513 Γ
2728 4444 2885 4514 aire
2910 4442 3143 4535 sende,
3180 4442 3355 4535 quia
3394 4442 3635 4517 subito
3672 4442 3813 4516 ful-

1473 4560 1769 4657 guravit
1819 4561 1892 4635 in
1958 4562 2215 4636 oculos
2276 4560 2541 4635 mentis
2608 4560 2791 4654 eius,
2852 4566 2928 4635 et
2995 4561 3095 4635 ita
3160 4560 3401 4637 subito
3462 4562 3814 4637 transivit.

1477 4680 1680 4755 Unde
1727 4680 1933 4755 dicit:
1985 4704 2024 4755 e
2067 4674 2313 4777 sagmio
2360 4701 2553 4755 come
2602 4686 2817 4775 mon,-
2856 4681 3033 4776 quia
3060 4672 3134 4775 (⁸)
3192 4682 3326 4756 fuit
3368 4682 3710 4759 terribilis
3744 4690 3819 4759 et

1603 4900 1658 4965 (¹)
1692 4906 1800 4963 117,
1834 4902 1988 4955 ambo
2019 4902 2084 4953 ad
2117 4904 2253 4955 viam
2284 4916 2449 4953 suam.
2982 4901 3041 4966 (¹)
3074 4909 3183 4965 117,
3216 4904 3360 4956 dixit.

1603 4980 1656 5041 (⁸)
1688 4979 1750 5029 E.
1783 4980 2120 5032 occidendum
2153 4980 2224 5031 ob
2253 4981 2356 5031 hoc
2386 4981 2453 5031 ab
2482 4979 2737 5032 omnibus.
2987 4980 3043 5044 (·)
3078 4984 3185 5043 117,
3220 4982 3285 5033 ab
3316 4996 3423 5034 uno
3454 4987 3643 5047 nepote
3675 4997 3787 5035 suo.

1601 5057 1658 5121 (⁸)
1689 5056 1751 5107 E.
1783 5069 1814 5107 e
1849 5061 1957 5118 117,
1990 5058 2109 5122 quia
2142 5072 2244 5109 vox
2275 5058 2391 5109 suit.
