4392 6850
1231 970 1506 1026 CANTUS
1557 970 1872 1026 DECIMUS
1919 970 2253 1037 QUINTUS.
2762 960 2901 1028 411

560 1120 745 1198 Dicit
777 1140 1000 1218 ergo:
1035 1122 1260 1219 quello
1292 1121 1562 1211 infinito
1601 1124 1668 1191 ec
1699 1117 2012 1210 ineffabil
2051 1117 2241 1208 bene,
2278 1116 2485 1211 idest,
2520 1137 2903 1190 summum

557 1243 862 1336 bonum,
911 1239 1206 1334 scilicet,
1259 1240 1480 1334 DeuS,
1530 1241 1652 1312 che
1699 1233 1890 1312 lassi)
1939 1234 2000 1329 ἐ,
2038 1237 2332 1333 scilicet,
2386 1237 2461 1311 in
2510 1257 2723 1333 spera
2776 1259 2910 1312 su-

557 1381 810 1458 prema
847 1379 940 1435 eo
977 1359 1198 1434 modo
1232 1379 1384 1455 quo
1417 1357 1832 1453 expositum
1867 1364 1978 1432 est
2017 1357 2092 1430 in
2125 1358 2459 1432 oratione
2498 1357 2903 1452 dominica3

561 1482 676 1557 vel
727 1501 874 1555 non
925 1487 1244 1575 ponatur
1273 1473 1348 1572 (¹)
1399 1478 1474 1554 in
1525 1478 1759 1572 litera,
1813 1478 1937 1554 sed
1991 1477 2311 1552 dicatur:
2362 1481 2483 1552 che
2532 1473 2721 1552 lassa)
2758 1473 2909 1552 cosi

559 1623 766 1676 corre
814 1601 914 1675 ad
961 1619 1232 1692 amore,
1283 1598 1489 1692 idest,
1532 1596 1902 1674 descendit
1935 1597 2029 1672 ad
2061 1604 2463 1691 amantem,
2498 1620 2693 1672 come
2723 1619 2904 1690 ray·
3022 1631 3027 1636 ·

559 1726 678 1816 ,σέο
727 1725 922 1796 vieno
970 1743 1020 1796 a
1069 1722 1294 1796 lucido
1361 1740 1605 1813 corpo,
1657 1719 1843 1794 sicut
1893 1719 1987 1794 ad
2037 1719 2456 1814 speculum3
2520 1724 2593 1793 et
2652 1725 2901 1793 tamen

561 1841 942 1938 speculum
1000 1841 1114 1916 vel
1165 1840 1363 1914 aliud
1414 1860 1682 1935 corpus
1715 1837 2068 1932 lucidum,
2105 1845 2383 1932 quanto
2432 1845 2545 1913 est
2591 1837 2903 1913 lucidius

559 1968 764 2038 tante
812 1961 974 2056 plus
1037 1960 1291 2056 recipit
1345 1959 1440 2034 de
1506 1958 1825 2052 lumine3
1904 1965 2097 2032 tanto
2164 1960 2228 2031 si
2287 1947 2410 2050 dd,
2470 1957 2763 2052 scilicet,
2822 1977 2903 2033 se

557 2080 952 2157 fruendum
1004 2080 1257 2175 beatiS,
1309 2087 1570 2172 quanto
1620 2087 1826 2155 trova
1858 2080 1929 2153 α’
1955 2082 2249 2170 ardore,
2290 2077 2585 2173 scilicet,
2635 2078 2905 2153 carita-

557 2202 666 2276 tis,
725 2203 926 2278 Unde
972 2201 1181 2277 dicit:
1217 2193 1278 2274 si
1311 2203 1430 2274 che
1462 2203 1510 2275 l'
1535 2208 1774 2275 emo
1809 2205 2081 2293 valore,
2123 2199 2347 2296 ipsius
2386 2197 2659 2272 summi
2706 2197 2903 2291 boni,

554 2344 785 2397 cresce
829 2325 1022 2416 sopr'
1047 2343 1205 2396 essa
1252 2311 1482 2396 cas-ieci
1541 2328 1984 2414 quantunque
2039 2325 2104 2394 si
2159 2323 2421 2411 saende,
2472 2319 2678 2412 idest,
2741 2325 2907 2393 tan-

555 2450 714 2516 tum
745 2435 820 2536 (²)
877 2450 1238 2538 quantum
1291 2442 1425 2516 ista
1477 2441 1742 2518 caritas
1791 2462 1874 2517 se
1938 2440 2264 2517 extendit
2320 2440 2414 2515 ad
2473 2439 2899 2516 amandum.

555 2564 764 2652 Quod
805 2571 1060 2639 autem
1113 2584 1348 2637 unum
1401 2567 1476 2638 et
1527 2561 1719 2637 idem
1771 2562 2046 2636 bonum
2103 2582 2249 2637 non
2302 2561 2755 2636 diminuatur
2804 2581 2896 2636 ex

559 2684 1110 2781 participatione
1153 2685 1560 2758 multorum
1598 2690 1817 2779 patet,
1845 2683 2018 2778 quia
2071 2705 2221 2758 una
2255 2703 2398 2758 vox
2438 2703 2607 2757 mea
2642 2683 2901 2758 transit

559 2805 652 2880 ad
719 2825 946 2880 aures
1015 2804 1422 2879 multorum
1495 2803 1962 2899 scholarium,
2013 2810 2092 2878 et
2155 2803 2487 2878 doctrina
2545 2823 2713 2878 mea
2762 2803 2900 2879 dif-

558 2924 884 3000 funditur
946 2924 1019 2997 in
1086 2931 1370 3000 mentes
1438 2924 1844 3000 multorum
1904 2924 2354 3018 auditorum,
2407 2923 2897 3000 diversimode

558 3052 806 3120 tamen
854 3067 990 3141 pro
1043 3045 1392 3139 qualitate
1443 3045 1931 3142 ingeniorum,
1985 3050 2059 3120 et
2122 3053 2371 3121 tamen
2428 3045 2503 3118 in
2565 3065 2895 3149 menon

555 3165 936 3260 minuitur,
991 3167 1140 3241 imo
1189 3165 1475 3259 crescit,
1515 3165 1704 3240 sicut
1753 3165 2054 3240 memini
2107 3185 2231 3240 me
2278 3166 2577 3240 solitum
2628 3165 2896 3260 dicere,

554 3306 726 3361 cum
777 3285 1099 3362 facerem
1153 3285 1368 3360 istam
1417 3287 1777 3362 lecturam
1825 3284 1899 3361 iu
1949 3286 2299 3362 Bononia.
2356 3285 2441 3360 Et
2490 3285 2896 3362 concludit:

551 3429 590 3481 e
637 3414 902 3499 quanta
965 3414 1164 3499 9371ae
1216 3403 1338 3499 piei
1397 3401 1587 3481 lass&
1651 3408 1707 3479 ε’
1732 3409 2030 3499 intende,
2095 3405 2301 3502 idest,
2363 3405 2764 3482 intenditur
2825 3412 2899 3481 et

553 3527 1075 3623 multiplicatur
1125 3528 1198 3601 in
1249 3527 1461 3621 coelo,
1498 3527 1617 3601 vel
1667 3526 2078 3623 intelligunt
2117 3546 2198 3601 se
2252 3526 2590 3625 invicem,
2614 3522 2745 3620 piri
2780 3522 2905 3602 v’e*

553 3650 649 3721 da
697 3648 826 3721 ben
876 3669 1088 3722 amar
1139 3670 1176 3721 e
1215 3644 1344 3741 ρι’-ὰ
1394 3651 1463 3721 vi
1509 3650 1810 3751 s’apza5
1871 3646 2068 3740 quod
2119 3646 2449 3723 declarat
2510 3666 2644 3741 per
2694 3666 2902 3721 com-

555 3769 1032 3864 parationem,
1097 3768 1342 3843 dicens
1379 3758 1496 3859 (³):
1575 3790 1614 3842 e
1669 3788 1862 3841 come
1919 3770 2231 3860 specclaeio
2292 3769 2338 3840 l'
2362 3788 2505 3841 uno
2566 3770 2687 3840 all'
2711 3771 2900 3843 altro

555 3872 820 3982 rende,-
852 3888 1038 3963 sicut
1089 3888 1150 3963 si
1199 3888 1338 3962 sint
1373 3888 1584 3982 plura
1619 3887 1939 3983 specula,
1976 3906 2301 3981 quorum
2340 3907 2575 3960 unum
2623 3907 2899 3982 reprae-
2966 3884 2985 3893 “

555 4013 888 4083 sentetur
937 4008 1010 4081 in
1061 4008 1226 4083 alio.
1277 4008 1366 4081 Et
1415 4007 1604 4081 sicut
1655 4006 1991 4081 videmus
2021 3994 2094 4099 (⁴)
2141 4007 2339 4101 quod
2396 4028 2539 4082 una
2593 4008 2897 4083 lucerna

553 4128 884 4203 accendit
936 4127 1132 4203 mille
1181 4137 1258 4203 et
1305 4133 1603 4202 centum
1659 4126 1908 4221 millia,
1941 4132 2018 4201 et
2067 4124 2166 4201 ita
2200 4126 2548 4222 sapientia
2584 4132 2657 4201 et
2692 4125 2891 4231 fides.

551 4290 652 4304 —
675 4254 743 4323 E
785 4270 880 4322 se.
931 4248 1062 4323 Hic
1099 4248 1360 4321 ultimo
1393 4246 1736 4343 Virgilius
1769 4246 2041 4321 faciens
2075 4246 2323 4341 finem,
2362 4246 2665 4321 remittit
2696 4247 2894 4321 Dan-

557 4375 702 4445 tem
753 4369 846 4443 ad
889 4367 1251 4464 judicium
1303 4365 1780 4463 sapientioris,
1816 4365 1877 4439 si
1911 4366 2099 4441 sorte
2151 4366 2395 4440 minus
2444 4365 2896 4441 sufficienter

553 4489 644 4563 sit
693 4509 1150 4584 responsum.
1206 4487 1408 4563 Unde
1455 4486 1666 4561 dicit:
1732 4491 1800 4560 E
1859 4508 1934 4559 se
1999 4490 2072 4561 la
2145 4490 2289 4559 mia
2364 4489 2655 4577 rayion,
2705 4485 2899 4561 scili-

553 4614 668 4683 cet
717 4608 1091 4703 naturalis,
1145 4628 1286 4681 non
1345 4610 1398 4681 ti
1461 4608 1797 4701 disfama,
1851 4625 1996 4680 non
2025 4597 2100 4699 (⁵)
2152 4606 2337 4681 tollit
2404 4605 2529 4680 tibi
2594 4606 2897 4711 famem,

677 4873 708 4933 (¹
761 4872 822 4923 E.
855 4886 960 4923 non
990 4878 1214 4935 ponatur
1245 4875 1272 4920 ὸ
1302 4872 1356 4921 in
1389 4871 1556 4931 litera,
1589 4875 1644 4919 et
1677 4869 1915 4920 dicatur:
1947 4871 2050 4920 che.

675 4948 714 5013 (¹
764 4949 816 4999 S.
848 4950 900 4999 in
935 4954 1138 4999 tantum
1169 4954 1420 5013 quantum
1455 4948 1563 5011 ipsa
1596 4948 1800 4997 caritas.

677 5033 692 5085 (
763 5028 872 5085 1⁷⁷,
905 5026 1186 5088 propriam,
1221 5026 1412 5075 diceus.
1899 5020 1953 5083 (⁸)
1985 5022 2046 5073 E.
2076 5023 2313 5075 vidimus.

677 5102 735 5163 (¹)
765 5102 824 5153 E.
855 5102 1002 5159 idest,
1037 5114 1140 5152 nou
1173 5102 1310 5153 tollit
1341 5100 1432 5151 tibi
1465 5100 1674 5161 samem,
1707 5100 1809 5150 hoc
1840 5104 1918 5149 est
1949 5112 2056 5149 nou
2087 5100 2255 5151 satiat.

694 4876 731 5085 ὀνκ..
