4392 6850
1472 951 1610 1016 1oo
2188 959 2597 1015 comruu
2646 959 3092 1016 PURGATORH

1465 1107 1650 1182 tium
1702 1104 2152 1200 sequebatur
2204 1123 2399 1178 nunc
2438 1104 2763 1178 animam
2806 1101 3343 1198 praecedentem
3383 1103 3577 1201 regis
3608 1103 3814 1176 Man-

1465 1225 1668 1302 fredi.
1733 1227 1930 1314 Quot
1991 1221 2214 1298 millia
2276 1223 2661 1298 hominum
2726 1231 2940 1320 putas
3006 1229 3261 1299 secuta
3318 1228 3491 1297 sunt
3540 1221 3616 1296 in
3666 1222 3815 1297 vita

1465 1348 1890 1447 ignoranter
1941 1351 2015 1420 et
2073 1343 2474 1420 bestialiter
2536 1344 2756 1418 istum
2814 1365 3069 1442 regem
3136 1353 3595 1440 regnantem,
3646 1341 3815 1416 licet

1465 1475 1656 1544 esset
1705 1467 1780 1540 in
1831 1483 2094 1540 errore
2143 1485 2440 1561 magno,
2492 1471 2569 1538 et
2608 1464 2707 1538 ita
2740 1484 2939 1539 nunc
2970 1463 3309 1560 sequitur
3342 1483 3519 1538 oum
3555 1461 3815 1537 lauda-

1462 1588 1701 1662 biliter
1753 1585 2171 1660 tendentem
2226 1585 2319 1659 ad
2352 1584 2965 1660 conversionem?
2998 1583 3087 1658 Et
3120 1605 3300 1660 vere
3340 1605 3610 1682 magna
3644 1603 3817 1679 pars
3928 1601 3937 1610 ·

1460 1707 1752 1806 generis
1803 1705 2106 1781 humani
2159 1707 2362 1780 sedet
2410 1705 2485 1780 in
2534 1706 2759 1781 barca
2805 1706 2945 1780 sub
2978 1705 3481 1804 gubernatore
3531 1707 3813 1804 ignaro,

1463 1835 1538 1904 et
1587 1829 1777 1925 perit
1824 1825 2045 1901 simul
2094 1845 2371 1901 secum.
2415 1827 2505 1900 Et
2556 1826 2659 1901 sic
2708 1833 2881 1902 nota
2949 1827 3243 1922 iterum,
3308 1828 3561 1922 lector,
3616 1827 3815 1921 quod

1462 1951 1620 2043 ista,
1683 1967 1850 2043 quae
1913 1945 2206 2021 videtur
2269 1947 2464 2022 nuda
2518 1947 2969 2042 comparatio
3020 1948 3115 2022 de
3162 1949 3466 2022 oviculis
3504 1943 3579 2041 (¹)
3633 1947 3813 2022 sim-

1463 2069 1793 2166 plicibuS,
1829 2074 1941 2142 est
1981 2066 2261 2141 subtilis
2310 2073 2387 2142 et
2433 2066 2651 2144 vestit
2698 2068 3031 2163 pulcram
3069 2068 3601 2163 moralitatem3
3639 2087 3811 2142 nam

1463 2189 1603 2264 sub
1677 2189 1813 2264 ista
1889 2188 2439 2283 comparatione
2512 2194 2728 2284 poeta
2796 2189 2955 2263 vult
3010 2189 3256 2264 dicere
3316 2189 3555 2284 tacite,
3612 2189 3811 2282 quod

1462 2331 1732 2406 magna
1782 2329 1951 2404 pars
2003 2307 2387 2382 hominum
2440 2308 2515 2382 in
2568 2309 2845 2385 mundo
2897 2309 3034 2384 isto
3072 2310 3251 2385 vivit
3280 2301 3354 2403 (')
3389 2331 3571 2385 vere
3602 2328 3815 2384 more

1461 2429 1830 2526 pecudum
1909 2427 2341 2523 inconsulte,
2395 2429 2553 2504 sine
2612 2430 2965 2506 electione
3029 2432 3145 2506 vel
3210 2431 3514 2523 ratione,
3564 2429 3811 2506 omnia

1463 2557 1768 2648 agentes
1817 2569 1988 2624 secu
1997 2547 2229 2622 ndum
2281 2549 2479 2644 quod
2532 2550 2779 2626 vident
2828 2550 3009 2625 alios
3064 2572 3315 2648 agere,
3368 2572 3517 2627 non
3574 2549 3813 2626 consi-

1462 2671 1804 2748 derantes
1857 2668 2154 2765 quando
2205 2668 2481 2744 faciunt
2530 2671 2723 2746 bona
2758 2673 2876 2747 vel
2928 2673 3144 2768 mala,
3197 2673 3331 2746 nisi
3381 2673 3501 2748 alii
3550 2673 3655 2746 sic
3702 2671 3811 2745 fa·-

1460 2793 1710 2886 ciunt3
1764 2797 1840 2866 et
1888 2789 2259 2886 praecipue
2308 2799 2726 2886 sequuntur
2788 2792 3091 2889 vestigia
3153 2799 3551 2887 rectorum,
3614 2791 3809 2886 quia,

1464 2919 1546 2986 ut
1593 2911 1694 2986 ait
1745 2910 2234 2986 Claudianus:
2296 2912 2543 2986 mobile
2592 2919 2901 2986 mutatur
2954 2935 3229 3006 semper
3280 2933 3439 2987 cum
3496 2915 3813 3006 principe

1425 3029 1726 3124 'vulqus
1755 3073 1854 3086 —
1885 3037 2108 3106 Come.
2145 3031 2279 3107 Hic
2326 3039 2541 3129 poeta
2574 3032 2889 3110 ostendit
2927 3035 3243 3128 qualiter
3284 3034 3494 3110 dictae
3544 3034 3811 3108 animae

1456 3152 1936 3228 incurrerunt
1999 3150 2219 3226 aliam
2284 3153 2639 3229 maiorem
2712 3152 3265 3249 dubitationem,
3325 3154 3479 3229 visa
3544 3153 3810 3228 umbra

1459 3272 1788 3367 corporis
1849 3271 2027 3347 eius,
2097 3273 2458 3348 Consti-ue
2518 3274 2619 3348 sic
2683 3273 3022 3349 literam:
3090 3277 3316 3367 color,
3382 3273 3653 3349 scilicet
3714 3273 3808 3347 illi

1460 3392 1776 3488 spiritus),
1831 3393 2020 3468 sicut
2069 3394 2485 3469 Manfredus
2534 3399 2607 3469 et
2659 3393 2955 3490 quidam
3000 3395 3118 3470 alii
3156 3394 3585 3491 principales
3620 3415 3813 3490 prae-

1460 3515 1824 3609 cedenteS,
1859 3521 2163 3605 restat-0,
2193 3514 2366 3609 quia
2392 3513 2769 3591 desierunt
2807 3516 3229 3611 praecedere
3254 3516 3587 3611 ulterius,
3620 3536 3815 3589 come

1457 3638 1658 3711 vider
1704 3642 1893 3709 roua
1940 3637 2014 3708 la
2063 3638 2235 3728 luce,
2286 3635 2559 3711 scilicet
2598 3636 2789 3731 soliS,
2825 3638 3123 3711 dinanzi
3152 3641 3227 3710 in
3260 3644 3459 3711 terra
3508 3640 3635 3711 dal
3672 3640 3813 3710 mio

1456 3759 1692 3831 desim
1741 3763 1974 3849 cante,
2025 3756 2152 3850 qui
2206 3756 2681 3851 respiciebam
2733 3757 2827 3833 ad
2884 3756 3287 3853 sinistram3
3338 3758 3537 3833 unde
3586 3756 3808 3831 dicit:

1453 3869 1515 3951 si
1564 3880 1686 3949 claee
1732 3877 2056 3951 Pombra
2104 3898 2235 3950 era
2283 3879 2381 3951 da
2422 3898 2531 3950 me
2588 3880 2735 3951 alla
2783 3885 3047 3970 motta,
3082 3899 3250 3973 quae
3300 3885 3465 3952 erat
3520 3878 3807 3975 primus

1453 3997 1696 4072 aditus
1731 3995 2020 4092 montiS‚
2055 4018 2094 4071 e
2135 4000 2469 4070 crassersi
2496 4000 2813 4071 indietro·
2831 4001 3191 4094 alquanto,
3234 4018 3326 4072 ex
3370 3998 3803 4093 suspicione,

1451 4138 1490 4190 e
1559 4120 1706 4191 miti
1763 4119 1866 4207 912·
1927 4118 2098 4189 altri
2153 4119 2275 4190 0}oe
2340 4118 2623 4190 venieno
2682 4138 3025 4209 appresso
3092 4122 3309 4212 senno
3376 4122 3805 4208 altr-euanto,

1451 4236 1661 4332 idest,
1685 4236 2018 4311 similiter
2053 4242 2527 4311 retraxerunt
2560 4256 2661 4332 se,
2696 4258 2843 4309 non
2872 4240 3185 4331 sapendo
3216 4240 3274 4311 il
3292 4232 3571 4335 perche]
3596 4238 3805 4330 idest,

1450 4358 1876 4456 ignorantes
1925 4376 2255 4451 causam,
2308 4357 2494 4431 sicut
2552 4356 2773 4452 paulo
2832 4363 3004 4432 ante
3054 4357 3380 4433 fecerant
3426 4358 3569 4432 alia
3619 4357 3803 4432 vice.

1453 4480 1543 4553 Et
1594 4476 1836 4553 subdit
1886 4484 2100 4575 poeta
2152 4478 2353 4574 quod
2403 4477 2747 4574 Virgilius
2780 4477 2907 4573 qui
2942 4478 3165 4573 paulo
3198 4484 3375 4552 ante
3416 4484 3807 4552 monuerat

1451 4600 1546 4675 de
1597 4608 1930 4696 tempore
1965 4620 2112 4674 non
2151 4597 2553 4696 perdendO,
2585 4620 2783 4673 nunc
2816 4596 3087 4674 iterum
3124 4598 3356 4673 noluit
3390 4605 3644 4673 tenere
3678 4618 3811 4672 eos

1459 4740 1870 4817 suspemm,
1924 4741 2062 4797 nec
2111 4726 2504 4817 expectare
2554 4719 2752 4815 quod
2800 4725 3135 4815 peterent
3182 4718 3277 4793 de
3310 4739 3395 4793 re
3446 4717 3803 4811 mirabili3

1462 4843 1624 4918 ideo
1675 4842 1918 4920 statim
1969 4842 2325 4939 praevenit
2374 4862 2507 4917 eos
2552 4846 2627 4916 et
2660 4840 3081 4916 certioravit
3112 4840 3205 4915 de
3237 4860 3461 4915 causa
3494 4837 3807 4931 umbrae,

1578 5095 1632 5158 ζ’)
1665 5093 1728 5144 E.
1763 5092 1962 5145 ovibus.
2610 5091 2665 5157 (²)
2700 5094 2762 5145 E.
2796 5095 2921 5146 vivit
2950 5108 3117 5147 more.
