4392 6850
1431 973 1708 1030 GAN'rus
1755 977 2120 1032 smmus·
2811 969 2955 1036 197

602 1121 818 1216 plura
855 1119 1221 1216 praeconia
1270 1119 1546 1216 Virgilii
1596 1141 1954 1218 quaeram,
1987 1123 2347 1200 concludo
2398 1123 2723 1200 breviter
2772 1146 2947 1201 cum

603 1240 1015 1316 Macrobio:
1064 1240 1239 1314 Haec
1289 1245 1399 1314 est
1447 1241 1764 1316 Maronis
1821 1243 2079 1340 gloria,
2132 1251 2216 1318 ut
2278 1245 2549 1320 nullius
2610 1245 2947 1322 laudibus

605 1367 908 1454 crescat,
937 1359 1208 1464 nullius
1233 1359 1772 1456 vituperatione
1805 1362 2205 1438 minuatur.
2242 1364 2303 1439 N
2308 1385 2453 1440 unc
2492 1365 2587 1440 ad
2622 1366 2946 1442 literam:

603 1481 775 1556 dicit
821 1487 1036 1576 poeta
1095 1487 1346 1556 noster
1397 1481 1594 1576 quod
1647 1481 1779 1575 ,ille
1839 1482 2216 1560 Sordellus
2265 1486 2653 1562 exordiens
2704 1487 2945 1584 primo

603 1600 1148 1676 commendavit
1198 1600 1576 1698 Virgilium
1629 1622 1676 1676 a
1739 1602 2092 1700 singulari
2150 1606 2593 1702 eloquentia,
2652 1608 2947 1683 dicens:

607 1721 728 1796 ille
777 1719 1175 1818 Sordellus,
1229 1723 1412 1797 disse
1434 1746 1459 1794 .·
1507 1742 1553 1794 ο
1601 1724 1840 1814 ρῑονία
1889 1725 1996 1796 de'
2031 1727 2232 1798 latini
2246 1751 2280 1819 ,·
2328 1725 2517 1801 sicut
2581 1728 2951 1803 Homerus

607 1841 840 1938 gloria
887 1861 1332 1938 graecorum.
1377 1841 1580 1917 Licet
1628 1842 1826 1917 enim
1881 1843 2130 1940 lingua
2181 1845 2403 1921 latina
2455 1848 2723 1922 habeat
2758 1848 2953 1922 mul-

611 1969 723 2038 tas
771 1969 846 2038 et
895 1983 1201 2060 magnas
1253 1961 1606 2058 nationes,
1643 1969 1892 2038 tamen
1934 1964 2190 2039 habuit
2223 1973 2473 2040 ortum
2514 1968 2609 2042 ab
2643 1970 2869 2064 Italia,
2904 1990 2951 2044 a

612 2102 792 2178 rege
822 2082 1076 2157 Latino
1108 2082 1600 2182 denominata,
1645 2089 1722 2158 et
1771 2090 2072 2160 autores
2123 2084 2401 2160 italicos
2451 2087 2727 2182 habuit,
2764 2088 2952 2164 sicut

609 2181 1091 2297 Priscianum,
1140 2203 1534 2298 Donatum,
1573 2203 1933 2278 Tullium:
1980 2204 2174 2280 unde
2224 2205 2427 2282 dicit:
2474 2229 2609 2300 per
2650 2211 2767 2282 cui
2796 2230 2953 2282 mo·-

604 2314 757 2394 slro
816 2314 924 2394 οἱὸ
985 2323 1106 2396 che
1151 2330 1366 2416 polea
1425 2326 1497 2397 la
1565 2325 1805 2414 linqua
1855 2331 2130 2416 nostra,
2191 2325 2487 2422 scilicet,
2550 2326 2811 2424 italica,
2878 2329 2951 2404 in

607 2447 894 2536 metr03
947 2447 1022 2516 et
1071 2442 1538 2519 commendat
1588 2443 1828 2539 ipsum
1878 2465 1925 2519 a
1983 2443 2337 2542 singulari
2401 2447 2951 2526 honorificentia

609 2561 885 2657 patriae,
919 2583 965 2634 o
991 2565 1242 2655 preyio
1275 2569 1536 2656 eterne,
1565 2563 1740 2658 quia·
1772 2563 2005 2661 gloria
2039 2563 2316 2662 Virgilii
2350 2565 2646 2641 durabit
2681 2590 2951 2662 quam-

609 2682 731 2758 diu
785 2683 1132 2778 mundus,
1183 2690 1270 2757 ut
1317 2682 1596 2758 dictum
1647 2689 1759 2758 est
1823 2686 1882 2778 II
1935 2684 2254 2780 capitulo
2296 2686 2586 2781 Inferni,
2638 2690 2754 2761 del
2799 2692 2952 2762 loco

609 2806 772 2878 ond’
806 2806 878 2877 io
921 2807 1056 2898 fici,
1107 2803 1380 2879 scilicet
1447 2803 1754 2880 civitatis
1811 2806 2126 2880 Mantuae
2154 2797 2251 2898 (¹).
2304 2806 2393 2879 Et
2449 2827 2627 2883 vere
2676 2829 2950 2885 nomen

613 2925 888 3022 Virgilii
947 2924 1118 3000 fecit
1180 2925 1538 3000 famosam
1591 2927 1986 3020 Mantuam,
2049 2927 2442 3022 plusquam
2502 2927 2695 3002 illius
2763 2929 2953 3024 antif

611 3045 872 3140 quitas,
935 3044 1263 3119 fertilitas
1332 3044 1448 3120 vel
1522 3044 1978 3140 pulcritud03
2032 3045 2132 3120 ita
2211 3052 2291 3121 ut
2354 3067 2503 3122 non
2568 3048 2807 3123 solum
2876 3049 2953 3125 in

610 3165 839 3240 Gallia
889 3164 1084 3260 apud
1135 3162 1454 3240 Parisius
1504 3165 1578 3240 in
1641 3164 2038 3260 occidente,
2091 3165 2220 3242 sed
2288 3167 2361 3240 in
2423 3168 2704 3244 Graecia
2758 3169 2955 3264 apud

609 3285 1304 3381 Constantinopolim
1358 3285 1432 3359 in
1497 3285 1800 3362 oriente.
1855 3287 1943 3360 Et
1992 3287 2110 3361 hic
2159 3294 2333 3363 nota
2383 3288 2583 3382 quod
2634 3288 2771 3364 viri
2826 3310 2957 3364 va-

611 3408 844 3484 lentes
907 3406 1183 3483 faciunt
1244 3405 1574 3483 civitates
1637 3427 1808 3483 suas
1877 3406 2221 3503 famoSaS,
2280 3407 2471 3482 sicut
2535 3407 2957 3485 Aristoteles

613 3527 1020 3625 Stragirim,
1037 3528 1404 3603 Homerus
1429 3528 1846 3624 Smyrnam,
1874 3528 2337 3603 Democritus
2362 3528 2753 3625 Abderam,
2783 3530 2953 3604 Pin-

612 3649 838 3724 darus
871 3648 1193 3743 Thebas3
1229 3647 1358 3722 sed
1395 3653 1478 3721 ut
1515 3648 1848 3721 omittam
1885 3668 2188 3745 graecOS,
2215 3669 2541 3742 quorum
2580 3649 2955 3724 maximus

613 3777 726 3845 est
775 3787 1159 3862 numerus,
1213 3767 1390 3862 quid
1437 3767 1678 3843 dicam
1731 3768 1824 3844 de
1873 3767 2127 3843 italicis
2186 3775 2261 3844 et
2309 3769 2625 3844 nostris?
2676 3771 2951 3846 Plinius

615 3894 692 3963 et
741 3888 1070 3963 Catullus
1135 3886 1512 3963 celebrant
1570 3888 1962 3983 Veronam,
2022 3889 2225 3963 Titus
2291 3889 2537 3964 Livius
2598 3891 2953 3985 Paduam,

616 4007 960 4105 Virgilius
1008 4009 1406 4103 Mantuam,
1449 4007 1688 4083 Varus
1724 4008 2190 4105 Cremonam,
2226 4010 2635 4084 Macrobius
2674 4018 2749 4086 et
2783 4012 2959 4087 Cas-

617 4128 768 4205 sius
803 4128 1176 4223 Parmam,
1209 4128 1458 4203 Gallus
1483 4128 1759 4203 Forum
1787 4129 1826 4201 J
1832 4127 1977 4223 ulii,
2005 4128 2447 4204 Claudianus
2488 4129 2955 4227 Florentiam,

617 4249 910 4325 Persius
955 4249 1360 4346 VulterraS,
1419 4249 1680 4325 Accius
1701 4240 1776 4343 (²)
1837 4248 2252 4345 Pisaurum,
2304 4250 2601 4325 Ovidius
2660 4252 2959 4327 Sulmo-

621 4390 816 4465 nem,
890 4370 1236 4446 Horatius
1303 4369 1726 4465 Venusiam,
1793 4370 2070 4443 Tullius
2135 4352 2519 4465 Arpinum,
2589 4371 2960 4447 Iuvenalis

619 4488 1017 4585 Aquinum,
1070 4490 1362 4565 Archita
1397 4497 1473 4566 et
1503 4490 1778 4563 Ennius
1827 4490 2251 4585 Tarentum,
2303 4489 2727 4586 Propertius
2778 4490 2961 4587 Spo-

623 4610 876 4704 letum,
930 4608 1288 4685 Pacuvius
1339 4609 1808 4684 Brundisium
1838 4633 1859 4704 ;
1895 4616 1970 4684 et
2001 4630 2096 4685 ne
2130 4630 2263 4705 per
2304 4609 2629 4707 singulos
2679 4610 2963 4686 discur-

625 4751 806 4825 ram,
866 4729 1167 4825 plurimi
1235 4731 1573 4827 Romam,
1633 4729 1760 4805 sed
1821 4729 2190 4825 praecipue
2252 4731 2341 4803 M.
2380 4729 2574 4805 Varo
2652 4731 2764 4807 vir
2827 4731 2963 4806 do-

621 4850 982 4925 ctissimus
1035 4870 1536 4926 romanorum.
1590 4851 1680 4924 Et
1741 4850 1920 4946 petit
1981 4848 2401 4928 Sordellus:
2463 4854 2633 4941 qual
2687 4855 2963 4946 mmm,

749 5110 804 5172 (¹)
835 5110 898 5161 E.
927 5115 1236 5163 mantnano.
1739 5111 1794 5174 (¹)
1825 5111 1887 5163 E.
1923 5112 2108 5163 Actius
2135 5112 2476 5165 Pemnurum.
