4392 6850
1505 897 1649 965 478
2219 910 2630 967 commun
2677 912 3116 967 Punossonu

1505 1058 1767 1133 tialiter
1801 1058 1874 1131 in
1909 1057 2083 1133 hoc:
2129 1054 2189 1130 si
2227 1076 2443 1131 amor
2483 1078 2616 1153 per
2648 1064 2722 1133 te
2756 1056 2956 1133 venit
2994 1057 3090 1131 ab
3125 1064 3360 1152 extra,
3397 1058 3580 1133 idest
3611 1078 3660 1133 a
3692 1059 3850 1154 pla-

1497 1178 1840 1253 cibilitate
1874 1177 1984 1255 rei
2019 1176 2283 1252 oblatae
2315 1176 2389 1251 in
2431 1198 2582 1271 quo
2613 1177 2864 1252 anima
2899 1184 3232 1251 meretur
3267 1178 3386 1251 vel
3419 1178 3846 1253 demeretur

1494 1298 1557 1375 si
1604 1300 1795 1375 bene
1844 1297 1963 1374 vel
2014 1297 2209 1371 male
2259 1306 2486 1389 amat,
2519 1319 2696 1373 cum
2743 1318 2970 1373 causa
3017 1297 3109 1373 sit
3139 1290 3211 1390 (¹)
3265 1298 3702 1373 extrinseca.
3737 1298 3844 1374 Ad

1494 1420 1783 1495 literam
1832 1439 2015 1515 ergo
2064 1426 2280 1513 poeta
2331 1418 2767 1492 continuans
2818 1418 3006 1493 dicta
3067 1418 3409 1512 dicendiS,
3459 1418 3668 1494 dicit:
3721 1421 3846 1493 Ri-

1494 1543 1684 1633 sposc'
1730 1544 1801 1613 io
1851 1542 1973 1631 lui,
2024 1538 2320 1633 scilicet,
2372 1538 2669 1635 Virgilio
2719 1537 3040 1633 domino,
3101 1538 3290 1634 patri
3339 1546 3415 1614 et
3466 1541 3842 1636 magistro,

1500 1664 1562 1735 le
1610 1668 1719 1734 tue
1772 1662 2025 1755 parole
2084 1663 2175 1731 m'
2194 1662 2434 1733 hanno
2495 1662 2886 1753 discoperto
2949 1680 3221 1752 amore,
3271 1658 3481 1753 idest,
3537 1660 3842 1735 manife-

1502 1789 1883 1858 staverunt
1932 1780 2110 1855 mihi
2158 1780 2540 1855 diffinitive
2587 1780 2764 1877 quid
2813 1780 2906 1854 sit
2951 1801 3189 1875 amor,
3239 1784 3318 1854 al
3361 1784 3504 1855 mio
3553 1800 3842 1873 sequace

1501 1906 1830 1995 inyeyno,
1882 1902 2085 1996 idest,
2138 1901 2430 1998 ingenio
2495 1922 2665 1977 meo
2727 1900 2926 1995 quod
2989 1902 3326 1995 sequitur
3393 1910 3505 1995 te;
3557 1922 3677 1975 ma
3735 1894 3842 1975 οἱὸ
3983 1886 3994 1899 ’

1502 2026 1711 2097 m’laa
1753 2028 1931 2118 fatto
1980 2025 2056 2097 di
2102 2024 2400 2097 dubbiar
2443 2017 2568 2115 ρίὰ
2602 2042 2908 2115 prcym,
2965 2021 3174 2116 quasi
3222 2021 3450 2097 dicat:
3503 2042 3595 2097 ex
3645 2022 3844 2096 solu·

1504 2145 1701 2219 tione
1751 2144 1967 2240 primi
2014 2144 2218 2218 dubii
2269 2149 2527 2219 natum
2579 2149 2690 2219 est
2739 2142 2937 2217 aliud
2973 2141 3212 2217 maius
3250 2149 3326 2218 et
3364 2142 3844 2238 periculosius

1501 2263 1577 2337 in
1630 2270 1879 2339 mente
1932 2284 2119 2338 mea.
2152 2266 2338 2337 Nam
2373 2283 2610 2360 arguo
2655 2262 2794 2337 sic:
2831 2283 2963 2358 per
2999 2261 3070 2337 id
3103 2262 3300 2355 quod
3333 2262 3568 2335 dixisti
3603 2264 3840 2338 omnis

1501 2384 1830 2479 operatio
1880 2392 2029 2457 tam
2084 2384 2280 2459 bona
2337 2403 2562 2478 quam
2635 2382 2829 2457 mala
2889 2382 3214 2478 procedit
3277 2382 3372 2457 ab
3434 2403 3715 2479 amore,
3767 2391 3842 2459 et

1503 2522 1717 2579 amor
1764 2511 2169 2601 generatur
2227 2525 2272 2579 a
2335 2524 2420 2579 re
2487 2502 2818 2600 placibili,
2871 2522 3038 2597 quae
3101 2502 3411 2577 offertur
3470 2504 3678 2579 nohis
3744 2506 3839 2579 ab

1504 2631 1738 2718 extra,
1790 2624 1881 2699 ad
1934 2646 2159 2719 quam
2213 2623 2751 2719 placibilitatem
2803 2623 3094 2697 animus
3142 2623 3453 2719 ligatur3
3487 2644 3670 2721 ergo
3703 2645 3838 2699 nec

1506 2752 1841 2819 meretur
1892 2764 2029 2819 nec
2078 2744 2527 2821 demeretur.
2581 2743 2656 2817 Si
2707 2744 2901 2819 enim
2955 2743 3202 2818 anima
3257 2744 3482 2819 habet
3535 2764 3584 2819 a
3634 2765 3844 2822 crea-

1506 2872 1671 2939 tore
1720 2864 1918 2959 quod
1966 2864 2055 2938 sit
2104 2870 2276 2960 apta
2337 2870 2507 2939 nata
2548 2863 2641 2938 ad
2699 2862 3140 2958 possendum
3200 2862 3476 2938 habere
3521 2865 3843 2960 compla-

1509 2983 1951 3079 cibilitatem,
1980 2990 2055 3059 et
2080 3004 2212 3079 per
2249 2985 2468 3059 talem
2505 2982 3046 3078 dispositionem
3081 2989 3305 3075 amat,
3321 2982 3377 3056 si
3413 2991 3618 3057 amat
3653 2984 3848 3059 male

1508 3124 1657 3179 non
1707 3110 1817 3179 est
1864 3126 2001 3180 sua
2050 3106 2289 3199 culpa,
2341 3104 2400 3177 si
2451 3104 2641 3181 bene
2691 3123 2838 3178 non
2889 3110 3000 3178 est
3047 3124 3269 3177 suum
3314 3103 3686 3178 meritum.
3721 3102 3845 3177 Di-

1506 3225 1605 3299 cit
1654 3245 1866 3321 ergo:
1920 3222 2043 3301 che*
2086 3228 2143 3299 ε’
2171 3246 2380 3298 amor
2429 3220 2472 3300 e*
2517 3230 2792 3317 offerto,
2833 3223 3082 3298 animo
3123 3230 3396 3317 nostro,
3431 3226 3509 3297 di
3547 3227 3750 3318 fuori
3797 3246 3846 3297 a

1510 3348 1655 3437 noi,
1711 3365 1756 3420 a
1808 3345 2271 3442 placibilitate
2322 3345 2430 3421 rei
2481 3344 2933 3438 extrinsecae,
2969 3366 3007 3417 e
3051 3346 3096 3417 l’
3122 3345 3366 3417 anima
3397 3364 3544 3418 non
3563 3366 3669 3419 ,υα
3718 3366 3848 3419 con

1510 3468 1697 3539 altro
1738 3469 1969 3558 piade,
2022 3488 2248 3560 quam
2302 3487 2476 3541 cum
2531 3461 2714 3566 pede
2773 3465 3072 3558 amoriS,
3125 3464 3252 3559 qui
3319 3471 3430 3540 est
3497 3467 3850 3540 naturalis

1507 3592 1778 3681 motuS,
1830 3587 2003 3680 quia
2070 3588 2318 3662 anima
2367 3593 2616 3662 creata
2683 3591 2794 3661 est
2849 3585 2946 3660 ad
3003 3585 3097 3678 id,
3151 3592 3233 3658 ut
3296 3585 3534 3660 dixisti
3599 3609 3846 3683 supra,

1505 3727 1647 3780 non
1696 3705 1740 3780 e*
1782 3729 1911 3782 suo
1960 3714 2209 3798 merto,
2259 3707 2465 3796 idest,
2519 3707 2680 3782 laus
2730 3706 2848 3783 vel
2899 3707 3140 3801 culpa,
3201 3706 3326 3781 sed
3377 3707 3643 3798 obiecti
3695 3709 3850 3802 pla-

1286 3827 1299 3840 ‘
1344 3877 1357 3896 2
1505 3825 1755 3920 cibilis,
1800 3850 1875 3902 se
1926 3849 2018 3901 va
2068 3831 2286 3902 dritta
2319 3850 2363 3902 o
2398 3835 2610 3919 torta,
2653 3827 2859 3922 idest,
2895 3847 3028 3924 per
3079 3827 3274 3901 viam
3331 3827 3692 3902 virtutum
3732 3829 3846 3905 vel

1511 3946 1881 4022 vitiorum.
1907 3987 2008 4004 —-
2032 3951 2122 4022 Et
2166 3952 2298 4024 elli.
2352 3947 2483 4025 Hic
2531 3954 2746 4044 poeta
2798 3948 3050 4022 volens
3088 3946 3374 4022 solvere
3399 3947 3606 4022 istud
3659 3949 3848 4026 forte

1509 4065 1843 4163 dubium,
1895 4069 2134 4164 primo
2184 4068 2462 4143 inducit
2512 4067 2892 4164 Virgilium
2945 4072 3466 4162 protestantem
3497 4059 3595 4162 (²),
3649 4069 3846 4163 quod

1508 4187 1812 4262 intendit
1860 4189 2150 4264 solvere
2203 4187 2682 4282 quaestionem
2733 4187 3141 4262 secundum
3203 4186 3579 4262 scientiam
3631 4197 3846 4264 natu-

1514 4306 1745 4382 ralem
1782 4328 1928 4382 non
1978 4307 2322 4383 divinam.
2358 4305 2542 4381 Dicit
2575 4326 2795 4403 ergo:
2833 4310 2921 4380 Et
2951 4308 3064 4380 elli
3095 4327 3146 4378 a
3177 4327 3285 4378 me
3309 4330 3336 4378 .·
3369 4308 3648 4404 supple,
3686 4308 3846 4382 Vir-

1508 4426 1721 4524 gilius
1772 4428 2179 4524 respondit:
2233 4430 2350 4502 dir
2399 4430 2450 4502 ti
2489 4429 2680 4520 poss’
2705 4429 2802 4518 io,
2853 4425 3052 4502 circa
3103 4425 3522 4522 quaesitum,
3587 4438 3846 4522 quanto

1506 4551 1767 4638 raqion
1817 4552 1936 4641 qm·
1986 4551 2177 4640 vede,
2227 4547 2436 4641 idest,
2485 4553 2848 4642 quantum
2901 4546 3350 4642 philosophia
3389 4547 3742 4624 naturalis
3778 4549 3845 4623 in

1508 4667 1647 4742 hoc
1697 4669 2101 4765 cognoscit3
2152 4671 2252 4742 da
2299 4669 2451 4742 indi
2495 4671 2572 4740 in
2603 4655 2703 4758 td,
2739 4663 2942 4761 idest,
2977 4666 3036 4742 si
3074 4666 3395 4742 volueris
3433 4667 3624 4744 scire
3661 4670 3846 4746 ultra

1510 4785 1873 4863 rationem
1923 4787 2364 4882 naturalem,
2399 4790 2727 4882 t’aspeua
2755 4807 2906 4881 pur
2938 4808 2988 4861 α
3019 4790 3361 4880 Beatrioe,
3397 4787 3604 4884 idest,
3643 4791 3846 4866 theo-

1630 5049 1685 5111 (¹)
1718 5052 1827 5111 11⁷,
1862 5049 2093 5102 videatur
2121 5051 2426 5100 aminaea.
2873 5047 2928 5112 (¹)
2959 5048 3012 5100 S.
3045 5051 3392 5113 prot-undo.
