4392 6850
1349 997 1354 1002 ,
1461 911 1604 976 152
2181 917 2595 972 commu
2638 917 3077 973 Punossonu

1453 1064 1654 1159 (prod
1704 1083 1796 1138 ex
1847 1063 2150 1156 antiquo
2200 1067 2415 1157 pacto
2454 1063 2643 1136 sacto
2682 1062 2883 1138 inter
2914 1061 3403 1138 bononienses
3448 1071 3523 1138 et
3572 1063 3805 1136 muti-

1456 1204 1718 1260 nenses
1773 1183 2088 1258 debebat
2145 1193 2343 1260 stare
2398 1182 2857 1260 destructum
2918 1191 3295 1279 perpetuo.
3362 1185 3505 1260 Sed
3564 1185 3799 1258 bono-

1455 1305 1761 1399 aienses,
1814 1305 1942 1399 qui
2009 1304 2297 1380 iverant
2356 1304 2448 1378 ad
2516 1304 3071 1401 impediendam·
3112 1304 3669 1380 aedificationem
3696 1298 3797 1399 (¹),

1451 1425 1701 1502 audito
1751 1425 2042 1498 sinistro
2093 1444 2401 1500 rumore
2448 1425 2723 1520 Imolae,
2780 1425 3051 1501 reversi
3112 1433 3305 1499 sunt.
3360 1426 3448 1499 Et
3514 1426 3617 1501 sic
3668 1445 3799 1500 eo-

1451 1545 1624 1620 dem
1691 1531 1842 1620 die'
1874 1545 2102 1620 Imola
2169 1545 2452 1642 perdita
2515 1552 2647 1640 est,
2700 1554 2775 1621 et
2827 1547 3201 1621 Bazanum
3274 1547 3795 1622 reaedifioetum

1451 1677 1709 1746 contra
1761 1670 2290 1745 bononienses:
2344 1671 2539 1746 unde
2588 1671 2864 1746 dictum
2924 1679 3081 1745 est:
3144 1676 3369 1760 Quam
3415 1675 3795 1764 propriam

1453 1799 1694 1882 norat,
1755 1795 2054 1864 Imolam
2121 1794 2447 1864 Bononia
2506 1795 2751 1883 plorat
2772 1816 2796 1864 .-
2869 1797 3023 1864 Azo
3089 1795 3461 1866 Bazanum
3530 1795 3797 1865 relevat

1456 1915 1646 2004 quod
1693 1914 2006 1986 marchio
2046 1915 2363 2005 planum.
2412 1911 2643 2008 Igitur
2684 1912 2833 1985 Azo
2884 1911 3245 1986 lacessens
3294 1919 3369 1988 et
3417 1912 3798 1988 lacessitus

1454 2032 1672 2125 bello,
1713 2053 1886 2106 cum
1925 2052 2070 2106 non
2122 2031 2497 2106 videretur
2546 2051 2759 2126 posse
2808 2031 3158 2126 consequi
3193 2031 3573 2106 victoriam
3627 2051 3795 2127 spe-

1455 2158 1694 2228 ratam
1745 2153 2171 2247 procuravit
2232 2152 2367 2226 sibi
2430 2172 2739 2248 magnos
2797 2153 3092 2226 amicos·
3162 2153 3251 2226 Et
3312 2153 3479 2227 fecit
3504 2144 3581 2245 (²)
3635 2173 3797 2227 ma-

1452 2295 1677 2372 gnam
1730 2281 2013 2368 partem
2059 2273 2132 2346 in
2172 2272 2499 2348 Bononia
2550 2279 2623 2348 et
2674 2273 2997 2348 breviter
3030 2293 3121 2348 eo
3160 2294 3276 2348 res
3316 2275 3627 2348 deducta
3662 2280 3793 2368 est,

1455 2394 1654 2490 quod
1713 2395 1840 2489 qui
1903 2394 2254 2490 regebant
2322 2415 2483 2469 rem
2550 2394 2917 2490 publicam
2982 2395 3352 2489 Bononiae,
3412 2403 3797 2491 coeperunt

1455 2535 1728 2590 vocare
1788 2522 2114 2591 rectores
2181 2521 2257 2589 et
2322 2515 2669 2590 officiales
2726 2515 2819 2589 de
2886 2523 3093 2611 parte
3142 2515 3557 2612 ghibellina,
3620 2515 3795 2610 quia

1457 2636 1757 2734 guelpbi
1825 2644 2037 2711 erant
2105 2637 2537 2711 favorabiles
2568 2627 2643 2728 (³)
2704 2636 3144 2729 marchioni3
3210 2637 3341 2712 sed
3406 2643 3662 2731 postea
3716 2637 3791 2709 in

1453 2757 1663 2832 brevi
1714 2756 1880 2831 fecit
1929 2775 2183 2852 pacem
2240 2756 2475 2850 primo
2528 2777 2699 2832 cum
2745 2757 3272 2853 parmensibuS,
3306 2756 3567 2831 deinde
3614 2777 3793 2830 cum

1453 2876 2040 2952 bononiensibus.
2095 2877 2457 2971 Tempore
2508 2877 2733 2973 igitur
2782 2877 2947 2951 belli
3004 2877 3487 2951 bononienses
3544 2877 3792 2972 elege-

1455 3004 1630 3072 runt
1679 2997 1754 3070 in
1787 2999 2229 3072 Potestatem
2268 3017 2531 3070 eorum
2566 2996 2658 3070 ad
2684 2997 2857 3091 jura
2898 2996 3261 3072 reddenda
3296 2997 3611 3072 nobilem
3650 2997 3803 3070 mi-

1451 3118 1654 3192 litem
1705 3117 2089 3191 dominum
2137 3117 2495 3192 Jacobum
2558 3116 2673 3191 del
2737 3117 3043 3192 Cassaro
3104 3117 3199 3191 de
3248 3117 3539 3192 civitate
3588 3117 3789 3191 Fani.

1450 3237 1590 3325 Qui
1643 3237 1756 3310 vir
1807 3237 2269 3331 temerarius,
2320 3244 2397 3312 et
2445 3237 2571 3330 qui
2624 3256 2770 3310 non
2819 3236 3011 3310 bene
3050 3236 3399 3310 didicerat
3450 3238 3789 3332 regulam

1442 3357 1668 3454 juris:
1721 3356 2249 3452 potentioribus
2314 3377 2529 3453 pares
2604 3377 2765 3433 esse
2816 3377 2960 3431 non
3021 3376 3449 3451 possumus;
3502 3375 3793 3453 semper

1451 3478 1994 3572 obloquebatur
2044 3484 2329 3554 temere
2388 3480 2483 3553 de
2548 3479 2740 3553 dicto
2801 3478 3120 3572 domino,
3170 3498 3463 3573 semper
3524 3498 3797 3554 vocans

1449 3620 1626 3673 eum
1665 3597 2111 3693 proditorem
2147 3605 2541 3693 estensem,
2576 3599 2703 3693 qui
2739 3598 3141 3693 reliquerat
3169 3598 3601 3695 ghibellinos
3646 3601 3795 3675 Ro-

1453 3718 1860 3793 mandiolae.
1923 3720 2241 3793 Marchio
2302 3740 2493 3815 saepe
2555 3720 2860 3795 audiens
2920 3721 3079 3794 haec
3126 3728 3201 3795 et
3250 3719 3629 3817 indignans
3686 3722 3807 3795 di-

1453 3840 1604 3912 xit:
1657 3844 1860 3913 certe
1917 3840 2052 3915 iste
2117 3860 2343 3936 agaso
2405 3840 2863 3915 Marchianus
2928 3862 3075 3915 non
3138 3841 3440 3937 impune
3504 3842 3691 3917 seret
3714 3832 3789 3935 (⁴)

1447 3960 2014 4055 imprudentiam
2071 3982 2282 4035 suam
2319 3962 2701 4055 asininam,
2736 3962 2863 4035 sed
2903 3961 3379 4057 castigabitur
3419 3963 3611 4039 suste
3642 3965 3791 4040 fer-

1449 4100 1602 4154 reo.
1658 4080 1866 4155 Dedit
1915 4100 2098 4177 ergo
2148 4101 2477 4176 operam,
2512 4082 2709 4175 quod
2744 4082 2921 4156 certi
2962 4082 3217 4157 famuli
3253 4083 3492 4160 idonei
3523 4086 3617 4159 ad
3652 4088 3791 4161 hoc

1448 4207 2074 4295 persequerentur
2125 4199 2356 4295 illum,
2392 4222 2869 4295 quocumque
2904 4209 3267 4299 pergeret,
3302 4202 3503 4278 finito
3548 4206 3791 4281 officio

1451 4320 1816 4394 Bononiae.
1870 4321 2058 4394 Cum
2117 4327 2370 4395 autem
2432 4321 2553 4397 ille
2612 4322 2751 4397 iret
2810 4323 2903 4397 de
2969 4323 3285 4398 Venetiis
3336 4324 3663 4400 Paduam
3713 4327 3791 4400 in

1449 4438 1766 4515 confinio
1825 4440 2172 4515 territorii
2228 4441 2465 4518 veneti
2518 4448 2594 4517 et
2660 4442 3001 4538 paduani,
3051 4443 3347 4520 invasus
3404 4466 3449 4520 a
3502 4447 3795 4522 famulis

1451 4559 1580 4653 qui
1641 4560 1963 4635 latebant
2031 4560 2104 4633 in
2166 4560 2455 4654 insidiis,
2510 4562 2837 4637 nesciens
2903 4584 3053 4657 quo
3119 4565 3429 4661 fugeret,
3492 4566 3799 4662 ignarus

1452 4679 1743 4753 viarum
1795 4685 1870 4753 et
1919 4681 2277 4775 locorum,
2316 4682 2721 4757 trucidatus
2762 4690 2892 4778 est,
2936 4691 3022 4759 ut
3058 4692 3313 4780 aperte
3352 4688 3679 4783 tangitur
3718 4688 3793 4761 in

1452 4799 1684 4874 litera.
1735 4800 1945 4875 Nunc
1993 4800 2086 4875 ad
2123 4802 2407 4876 literam
2414 4826 2445 4905 3
2481 4802 2653 4877 dicit
2685 4810 2939 4898 poeta:
2978 4810 3067 4879 Et
3094 4826 3262 4899 unc,
3297 4808 3567 4884 scilicet
3601 4830 3795 4904 prae-

1575 4988 1631 5049 (¹)
1664 4988 1726 5037 E.
1761 4988 1902 5039 illius
1930 4990 2337 5043 odinationem.
2464 4990 2521 5055 (¹)
2554 4994 2613 5042 Ε.
2650 4994 2783 5043 sacta
2806 5008 2988 5060 magun
3020 5003 3167 5061 parte
3196 4998 3245 5047 iu
3276 4998 3525 5060 Monta,
3546 5000 3791 5053 breviter.

1575 5062 1627 5125 (⁸)
1662 5067 1752 5113 117
1785 5076 1816 5113 e
1848 5065 1911 5115 E.
1942 5064 2352 5119 favorabiliores.
2464 5070 2517 5133 (⁸)
2548 5068 2602 5119 S.
2638 5070 2816 5121 ferret.
