<?xml version="1.0" encoding="UTF-8"?>
<!DOCTYPE html PUBLIC "-//W3C//DTD XHTML 1.0 Transitional//EN"
    "http://www.w3.org/TR/xhtml1/DTD/xhtml1-transitional.dtd">
<html xmlns="http://www.w3.org/1999/xhtml" xml:lang="en" lang="en">
 <head>
  <title>
</title>
<meta http-equiv="Content-Type" content="text/html;charset=utf-8" />
  <meta name='ocr-system' content='tesseract 3.04.00' />
  <meta name='ocr-capabilities' content='ocr_page ocr_carea ocr_par ocr_line ocrx_word'/>
</head>
<body>
  <div class='ocr_page' id='page_1' title='image "./comentumsuperda02unkngoog_0103.png"; bbox 0 0 4392 6850; ppageno 0'>
   <div class='ocr_carea' id='block_1_1' title="bbox 1443 961 2936 1026">
    <p class='ocr_par' dir='ltr' id='par_1_1' title="bbox 1443 961 2936 1026">
     <span class='ocr_line' id='line_1_1' title="bbox 1443 961 2936 1026; baseline 0.001 -1"><span class='ocrx_word' id='word_1_1' title='bbox 1443 968 1718 1026; x_wconf 80' lang='lat' dir='ltr'>CANTUS</span> <span class='ocrx_word' id='word_1_2' title='bbox 1768 971 2092 1024; x_wconf 71' lang='lat' dir='ltr'><strong>Tnn&#39;rms.</strong></span> <span class='ocrx_word' id='word_1_3' title='bbox 2846 961 2936 1026; x_wconf 85' lang='lat'><strong>91</strong></span> 
     </span>
    </p>
   </div>
   <div class='ocr_carea' id='block_1_2' title="bbox 569 1083 2943 1451">
    <p class='ocr_par' dir='ltr' id='par_1_2' title="bbox 569 1083 2943 1451">
     <span class='ocr_line' id='line_1_2' title="bbox 569 1083 2940 1234; baseline 0.002 -48"><span class='ocrx_word' id='word_1_4' title='bbox 569 1112 766 1202; x_wconf 50' lang='lat' dir='ltr'><strong>‚tiam</strong></span> <span class='ocrx_word' id='word_1_5' title='bbox 822 1083 1100 1190; x_wconf 35' lang='lat' dir='ltr'><strong>contra·</strong></span> <span class='ocrx_word' id='word_1_6' title='bbox 1131 1113 1344 1190; x_wconf 86' lang='lat' dir='ltr'><strong>istam</strong></span> <span class='ocrx_word' id='word_1_7' title='bbox 1375 1105 1450 1208; x_wconf 75' lang='lat'><strong>(¹)</strong></span> <span class='ocrx_word' id='word_1_8' title='bbox 1507 1114 1943 1190; x_wconf 89' lang='lat' dir='ltr'><strong>solutionem</strong></span> <span class='ocrx_word' id='word_1_9' title='bbox 1997 1114 2343 1208; x_wconf 74' lang='lat' dir='ltr'><strong>dicente5‚</strong></span> <span class='ocrx_word' id='word_1_10' title='bbox 2394 1114 2593 1234; x_wconf 83' lang='lat' dir='ltr'><strong>quod</strong></span> <span class='ocrx_word' id='word_1_11' title='bbox 2654 1114 2940 1192; x_wconf 87' lang='lat' dir='ltr'><strong>etiamsi</strong></span> 
     </span>
     <span class='ocr_line' id='line_1_3' title="bbox 589 1233 2943 1330; baseline 0.002 -24"><span class='ocrx_word' id='word_1_12' title='bbox 589 1233 824 1309; x_wconf 82' lang='lat' dir='ltr'><strong>Adam</strong></span> <span class='ocrx_word' id='word_1_13' title='bbox 881 1256 1026 1311; x_wconf 91' lang='lat' dir='ltr'><strong>non</strong></span> <span class='ocrx_word' id='word_1_14' title='bbox 1059 1241 1432 1330; x_wconf 84' lang='lat' dir='ltr'><strong>peccasset</strong></span> <span class='ocrx_word' id='word_1_15' title='bbox 1481 1235 1866 1329; x_wconf 76' lang='lat' dir='ltr'><strong>oportebat</strong></span> <span class='ocrx_word' id='word_1_16' title='bbox 1899 1234 2267 1309; x_wconf 83' lang='lat' dir='ltr'>Christum</span> <span class='ocrx_word' id='word_1_17' title='bbox 2309 1234 2531 1329; x_wconf 87' lang='lat' dir='ltr'><strong>nasci,</strong></span> <span class='ocrx_word' id='word_1_18' title='bbox 2568 1235 2738 1329; x_wconf 89' lang='lat' dir='ltr'><strong>quia</strong></span> <span class='ocrx_word' id='word_1_19' title='bbox 2779 1234 2943 1310; x_wconf 82' lang='lat' dir='ltr'><strong>sue-</strong></span> 
     </span>
     <span class='ocr_line' id='line_1_4' title="bbox 589 1354 2939 1451; baseline 0.003 -25"><span class='ocrx_word' id='word_1_20' title='bbox 589 1361 707 1429; x_wconf 88' lang='lat' dir='ltr'><strong>rat</strong></span> <span class='ocrx_word' id='word_1_21' title='bbox 755 1356 1200 1432; x_wconf 85' lang='lat' dir='ltr'><strong>aeternaliter</strong></span> <span class='ocrx_word' id='word_1_22' title='bbox 1251 1354 1826 1450; x_wconf 81' lang='lat' dir='ltr'><strong>praedestinatuS.</strong></span> <span class='ocrx_word' id='word_1_23' title='bbox 1879 1357 1968 1430; x_wconf 92' lang='lat' dir='ltr'><strong>Et</strong></span> <span class='ocrx_word' id='word_1_24' title='bbox 2019 1362 2194 1430; x_wconf 91' lang='lat' dir='ltr'><strong>tunc</strong></span> <span class='ocrx_word' id='word_1_25' title='bbox 2255 1354 2465 1430; x_wconf 87' lang='lat' dir='ltr'><strong>litera</strong></span> <span class='ocrx_word' id='word_1_26' title='bbox 2525 1365 2939 1451; x_wconf 84' lang='lat' dir='ltr'><strong>exponetur</strong></span> 
     </span>
    </p>
   </div>
   <div class='ocr_carea' id='block_1_3' title="bbox 521 1474 3020 4818">
    <p class='ocr_par' dir='ltr' id='par_1_3' title="bbox 521 1474 3020 4818">
     <span class='ocr_line' id='line_1_5' title="bbox 521 1474 2934 1573; baseline 0.002 -26"><span class='ocrx_word' id='word_1_27' title='bbox 521 1492 526 1500; x_wconf 90' lang='lat'>·</span> <span class='ocrx_word' id='word_1_28' title='bbox 589 1474 733 1548; x_wconf 88' lang='lat' dir='ltr'><strong>sic:</strong></span> <span class='ocrx_word' id='word_1_29' title='bbox 785 1475 844 1550; x_wconf 92' lang='lat' dir='ltr'><strong>si</strong></span> <span class='ocrx_word' id='word_1_30' title='bbox 896 1474 1308 1571; x_wconf 77' lang='lat' dir='ltr'><strong>potuissetis</strong></span> <span class='ocrx_word' id='word_1_31' title='bbox 1368 1474 1620 1551; x_wconf 86' lang='lat' dir='ltr'><strong>videre</strong></span> <span class='ocrx_word' id='word_1_32' title='bbox 1683 1481 1921 1550; x_wconf 85' lang='lat' dir='ltr'><strong>totum</strong></span> <span class='ocrx_word' id='word_1_33' title='bbox 1983 1496 2114 1570; x_wconf 91' lang='lat' dir='ltr'><strong>per</strong></span> <span class='ocrx_word' id='word_1_34' title='bbox 2165 1475 2485 1552; x_wconf 88' lang='lat' dir='ltr'><strong>rationes</strong></span> <span class='ocrx_word' id='word_1_35' title='bbox 2536 1478 2934 1573; x_wconf 79' lang='lat' dir='ltr'><strong>naturaleS,</strong></span> 
     </span>
     <span class='ocr_line' id='line_1_6' title="bbox 588 1591 2933 1688; baseline 0.003 -25"><span class='ocrx_word' id='word_1_36' title='bbox 588 1611 736 1664; x_wconf 91' lang='lat' dir='ltr'><strong>non</strong></span> <span class='ocrx_word' id='word_1_37' title='bbox 785 1592 1172 1688; x_wconf 84' lang='lat' dir='ltr'><strong>oportebat</strong></span> <span class='ocrx_word' id='word_1_38' title='bbox 1219 1591 1522 1666; x_wconf 67' lang='lat' dir='ltr'><strong>Maiiam</strong></span> <span class='ocrx_word' id='word_1_39' title='bbox 1573 1612 1838 1688; x_wconf 89' lang='lat' dir='ltr'><strong>parere</strong></span> <span class='ocrx_word' id='word_1_40' title='bbox 1871 1592 2239 1666; x_wconf 85' lang='lat' dir='ltr'><strong>Christum</strong></span> <span class='ocrx_word' id='word_1_41' title='bbox 2294 1593 2420 1686; x_wconf 92' lang='lat' dir='ltr'><strong>qui</strong></span> <span class='ocrx_word' id='word_1_42' title='bbox 2471 1594 2682 1668; x_wconf 89' lang='lat' dir='ltr'><strong>daret</strong></span> <span class='ocrx_word' id='word_1_43' title='bbox 2726 1594 2933 1669; x_wconf 89' lang='lat' dir='ltr'><strong>nobis</strong></span> 
     </span>
     <span class='ocr_line' id='line_1_7' title="bbox 585 1709 2933 1808; baseline 0.002 -24"><span class='ocrx_word' id='word_1_44' title='bbox 585 1709 802 1786; x_wconf 89' lang='lat' dir='ltr'><strong>fidem</strong></span> <span class='ocrx_word' id='word_1_45' title='bbox 866 1733 1036 1806; x_wconf 87' lang='lat' dir='ltr'><strong>quae</strong></span> <span class='ocrx_word' id='word_1_46' title='bbox 1097 1733 1244 1788; x_wconf 90' lang='lat' dir='ltr'><strong>non</strong></span> <span class='ocrx_word' id='word_1_47' title='bbox 1303 1713 1568 1806; x_wconf 87' lang='lat' dir='ltr'><strong>quaerit</strong></span> <span class='ocrx_word' id='word_1_48' title='bbox 1629 1712 1994 1808; x_wconf 86' lang='lat' dir='ltr'><strong>rationes3</strong></span> <span class='ocrx_word' id='word_1_49' title='bbox 2055 1714 2182 1788; x_wconf 90' lang='lat' dir='ltr'><strong>sed</strong></span> <span class='ocrx_word' id='word_1_50' title='bbox 2243 1713 2588 1808; x_wconf 90' lang='lat' dir='ltr'><strong>quicquid</strong></span> <span class='ocrx_word' id='word_1_51' title='bbox 2646 1715 2933 1788; x_wconf 86' lang='lat' dir='ltr'><strong>dicatur</strong></span> 
     </span>
     <span class='ocr_line' id='line_1_8' title="bbox 586 1830 2935 1930; baseline 0.001 -24"><span class='ocrx_word' id='word_1_52' title='bbox 586 1830 807 1907; x_wconf 90' lang='lat' dir='ltr'><strong>credo</strong></span> <span class='ocrx_word' id='word_1_53' title='bbox 834 1833 1033 1926; x_wconf 92' lang='lat' dir='ltr'><strong>quod</strong></span> <span class='ocrx_word' id='word_1_54' title='bbox 1064 1833 1304 1928; x_wconf 90' lang='lat' dir='ltr'><strong>prima</strong></span> <span class='ocrx_word' id='word_1_55' title='bbox 1339 1833 1693 1927; x_wconf 85' lang='lat' dir='ltr'><strong>expositio</strong></span> <span class='ocrx_word' id='word_1_56' title='bbox 1724 1833 1816 1907; x_wconf 89' lang='lat' dir='ltr'><strong>sit</strong></span> <span class='ocrx_word' id='word_1_57' title='bbox 1851 1834 2082 1930; x_wconf 89' lang='lat' dir='ltr'><strong>magis</strong></span> <span class='ocrx_word' id='word_1_58' title='bbox 2116 1834 2209 1908; x_wconf 90' lang='lat' dir='ltr'><strong>de</strong></span> <span class='ocrx_word' id='word_1_59' title='bbox 2244 1833 2643 1909; x_wconf 89' lang='lat' dir='ltr'><strong>intentione</strong></span> <span class='ocrx_word' id='word_1_60' title='bbox 2671 1840 2935 1930; x_wconf 81' lang='lat' dir='ltr'><strong>poetae,</strong></span> 
     </span>
     <span class='ocr_line' id='line_1_9' title="bbox 589 1952 2932 2050; baseline 0.001 -23"><span class='ocrx_word' id='word_1_61' title='bbox 589 1953 763 2047; x_wconf 89' lang='lat' dir='ltr'><strong>quia</strong></span> <span class='ocrx_word' id='word_1_62' title='bbox 814 1954 1130 2028; x_wconf 81' lang='lat' dir='ltr'><strong>Thomas</strong></span> <span class='ocrx_word' id='word_1_63' title='bbox 1180 1953 1274 2029; x_wconf 90' lang='lat' dir='ltr'><strong>de</strong></span> <span class='ocrx_word' id='word_1_64' title='bbox 1321 1952 1636 2048; x_wconf 87' lang='lat' dir='ltr'><strong>Aquino,</strong></span> <span class='ocrx_word' id='word_1_65' title='bbox 1687 1975 1912 2047; x_wconf 88' lang='lat' dir='ltr'><strong>quem</strong></span> <span class='ocrx_word' id='word_1_66' title='bbox 1949 1955 2103 2050; x_wconf 90' lang='lat' dir='ltr'><strong>ipse</strong></span> <span class='ocrx_word' id='word_1_67' title='bbox 2136 1954 2311 2029; x_wconf 87' lang='lat' dir='ltr'><strong>satis</strong></span> <span class='ocrx_word' id='word_1_68' title='bbox 2343 1955 2679 2048; x_wconf 87' lang='lat' dir='ltr'><strong>sequitur</strong></span> <span class='ocrx_word' id='word_1_69' title='bbox 2712 1955 2785 2028; x_wconf 91' lang='lat' dir='ltr'><strong>in</strong></span> <span class='ocrx_word' id='word_1_70' title='bbox 2826 1955 2932 2029; x_wconf 89' lang='lat' dir='ltr'><strong>di-</strong></span> 
     </span>
     <span class='ocr_line' id='line_1_10' title="bbox 588 2073 2935 2172; baseline 0.001 -24"><span class='ocrx_word' id='word_1_71' title='bbox 588 2073 797 2170; x_wconf 88' lang='lat' dir='ltr'><strong>vinis,</strong></span> <span class='ocrx_word' id='word_1_72' title='bbox 850 2081 1051 2150; x_wconf 87' lang='lat' dir='ltr'><strong>tenet</strong></span> <span class='ocrx_word' id='word_1_73' title='bbox 1089 2074 1288 2169; x_wconf 90' lang='lat' dir='ltr'><strong>quod</strong></span> <span class='ocrx_word' id='word_1_74' title='bbox 1335 2074 1396 2148; x_wconf 90' lang='lat' dir='ltr'><strong>si</strong></span> <span class='ocrx_word' id='word_1_75' title='bbox 1445 2074 1678 2149; x_wconf 86' lang='lat' dir='ltr'><strong>Adam</strong></span> <span class='ocrx_word' id='word_1_76' title='bbox 1731 2097 1875 2150; x_wconf 90' lang='lat' dir='ltr'><strong>non</strong></span> <span class='ocrx_word' id='word_1_77' title='bbox 1930 2083 2301 2170; x_wconf 82' lang='lat' dir='ltr'><strong>peccasset</strong></span> <span class='ocrx_word' id='word_1_78' title='bbox 2350 2096 2499 2151; x_wconf 87' lang='lat' dir='ltr'><strong>non</strong></span> <span class='ocrx_word' id='word_1_79' title='bbox 2549 2078 2935 2172; x_wconf 84' lang='lat' dir='ltr'><strong>oportebat</strong></span> 
     </span>
     <span class='ocr_line' id='line_1_11' title="bbox 585 2193 2933 2292; baseline 0.001 -24"><span class='ocrx_word' id='word_1_80' title='bbox 585 2193 956 2280; x_wconf 88' lang='lat' dir='ltr'><strong>Christum</strong></span> <span class='ocrx_word' id='word_1_81' title='bbox 1010 2195 1246 2290; x_wconf 85' lang='lat' dir='ltr'><strong>nasci3</strong></span> <span class='ocrx_word' id='word_1_82' title='bbox 1301 2214 1474 2270; x_wconf 87' lang='lat' dir='ltr'><strong>nam</strong></span> <span class='ocrx_word' id='word_1_83' title='bbox 1539 2195 1664 2269; x_wconf 89' lang='lat' dir='ltr'><strong>ubi</strong></span> <span class='ocrx_word' id='word_1_84' title='bbox 1717 2216 1864 2269; x_wconf 91' lang='lat' dir='ltr'><strong>non</strong></span> <span class='ocrx_word' id='word_1_85' title='bbox 1915 2202 2025 2270; x_wconf 90' lang='lat' dir='ltr'><strong>est</strong></span> <span class='ocrx_word' id='word_1_86' title='bbox 2075 2195 2311 2292; x_wconf 83' lang='lat' dir='ltr'><strong>plaga,</strong></span> <span class='ocrx_word' id='word_1_87' title='bbox 2376 2217 2523 2270; x_wconf 87' lang='lat' dir='ltr'><strong>uon</strong></span> <span class='ocrx_word' id='word_1_88' title='bbox 2586 2203 2697 2270; x_wconf 89' lang='lat' dir='ltr'><strong>est</strong></span> <span class='ocrx_word' id='word_1_89' title='bbox 2746 2217 2933 2292; x_wconf 91' lang='lat' dir='ltr'><strong>opus</strong></span> 
     </span>
     <span class='ocr_line' id='line_1_12' title="bbox 581 2313 2927 2411; baseline 0.001 -25"><span class='ocrx_word' id='word_1_90' title='bbox 581 2314 940 2390; x_wconf 88' lang='lat' dir='ltr'><strong>medicina</strong></span> <span class='ocrx_word' id='word_1_91' title='bbox 955 2339 975 2410; x_wconf 84' lang='lat'>3</span> <span class='ocrx_word' id='word_1_92' title='bbox 1041 2315 1168 2390; x_wconf 91' lang='lat' dir='ltr'><strong>sed</strong></span> <span class='ocrx_word' id='word_1_93' title='bbox 1237 2314 1748 2408; x_wconf 87' lang='lat' dir='ltr'><strong>unusquisque</strong></span> <span class='ocrx_word' id='word_1_94' title='bbox 1815 2334 1954 2388; x_wconf 89' lang='lat' dir='ltr'><strong>suo</strong></span> <span class='ocrx_word' id='word_1_95' title='bbox 2020 2313 2313 2411; x_wconf 85' lang='lat' dir='ltr'><strong>ingenio</strong></span> <span class='ocrx_word' id='word_1_96' title='bbox 2386 2321 2632 2390; x_wconf 88' lang='lat' dir='ltr'><strong>teneat</strong></span> <span class='ocrx_word' id='word_1_97' title='bbox 2700 2336 2927 2411; x_wconf 89' lang='lat' dir='ltr'><strong>quam</strong></span> 
     </span>
     <span class='ocr_line' id='line_1_13' title="bbox 578 2418 2928 2530; baseline 0 -21"><span class='ocrx_word' id='word_1_98' title='bbox 578 2432 994 2529; x_wconf 88' lang='lat' dir='ltr'><strong>opinionem</strong></span> <span class='ocrx_word' id='word_1_99' title='bbox 1047 2436 1226 2510; x_wconf 86' lang='lat' dir='ltr'><strong>vult.</strong></span> <span class='ocrx_word' id='word_1_100' title='bbox 1298 2437 1540 2510; x_wconf 90' lang='lat' dir='ltr'><strong>Unum</strong></span> <span class='ocrx_word' id='word_1_101' title='bbox 1604 2442 1852 2509; x_wconf 91' lang='lat' dir='ltr'><strong>tamen</strong></span> <span class='ocrx_word' id='word_1_102' title='bbox 1905 2435 2307 2508; x_wconf 81' lang='lat' dir='ltr'><strong>notandum</strong></span> <span class='ocrx_word' id='word_1_103' title='bbox 2361 2418 2677 2530; x_wconf 83' lang='lat' dir='ltr'><strong>videtur,</strong></span> <span class='ocrx_word' id='word_1_104' title='bbox 2730 2435 2928 2530; x_wconf 92' lang='lat' dir='ltr'><strong>quod</strong></span> 
     </span>
     <span class='ocr_line' id='line_1_14' title="bbox 579 2554 2927 2648; baseline 0.001 -20"><span class='ocrx_word' id='word_1_105' title='bbox 579 2575 726 2628; x_wconf 88' lang='lat' dir='ltr'><strong>uon</strong></span> <span class='ocrx_word' id='word_1_106' title='bbox 775 2556 1017 2629; x_wconf 92' lang='lat' dir='ltr'><strong>solum</strong></span> <span class='ocrx_word' id='word_1_107' title='bbox 1070 2555 1238 2632; x_wconf 90' lang='lat' dir='ltr'><strong>licet</strong></span> <span class='ocrx_word' id='word_1_108' title='bbox 1289 2555 1563 2630; x_wconf 84' lang='lat' dir='ltr'><strong>homini</strong></span> <span class='ocrx_word' id='word_1_109' title='bbox 1615 2555 1804 2630; x_wconf 86' lang='lat' dir='ltr'><strong>scire</strong></span> <span class='ocrx_word' id='word_1_110' title='bbox 1855 2555 2126 2648; x_wconf 87' lang='lat' dir='ltr'><strong>omnia,</strong></span> <span class='ocrx_word' id='word_1_111' title='bbox 2163 2554 2289 2629; x_wconf 89' lang='lat' dir='ltr'><strong>sed</strong></span> <span class='ocrx_word' id='word_1_112' title='bbox 2335 2576 2481 2629; x_wconf 89' lang='lat' dir='ltr'><strong>non</strong></span> <span class='ocrx_word' id='word_1_113' title='bbox 2534 2555 2701 2630; x_wconf 92' lang='lat' dir='ltr'><strong>licet</strong></span> <span class='ocrx_word' id='word_1_114' title='bbox 2740 2555 2927 2630; x_wconf 89' lang='lat' dir='ltr'><strong>scire</strong></span> 
     </span>
     <span class='ocr_line' id='line_1_15' title="bbox 548 2655 2927 2770; baseline 0 -20"><span class='ocrx_word' id='word_1_115' title='bbox 548 2655 837 2770; x_wconf 74' lang='lat' dir='ltr'><strong>pauca,</strong></span> <span class='ocrx_word' id='word_1_116' title='bbox 907 2676 1007 2750; x_wconf 80' lang='lat' dir='ltr'><strong>ita</strong></span> <span class='ocrx_word' id='word_1_117' title='bbox 1073 2684 1158 2750; x_wconf 92' lang='lat' dir='ltr'><strong>ut</strong></span> <span class='ocrx_word' id='word_1_118' title='bbox 1224 2697 1404 2752; x_wconf 83' lang='lat' dir='ltr'><strong>vera</strong></span> <span class='ocrx_word' id='word_1_119' title='bbox 1471 2675 1807 2750; x_wconf 88' lang='lat' dir='ltr'><strong>videatur</strong></span> <span class='ocrx_word' id='word_1_120' title='bbox 1877 2676 2238 2751; x_wconf 88' lang='lat' dir='ltr'><strong>sententia</strong></span> <span class='ocrx_word' id='word_1_121' title='bbox 2305 2675 2645 2750; x_wconf 87' lang='lat' dir='ltr'><strong>dicentis:</strong></span> <span class='ocrx_word' id='word_1_122' title='bbox 2716 2677 2927 2751; x_wconf 86' lang='lat' dir='ltr'><strong>Latet</strong></span> 
     </span>
     <span class='ocr_line' id='line_1_16' title="bbox 577 2795 2919 2893; baseline 0 -23"><span class='ocrx_word' id='word_1_123' title='bbox 577 2815 801 2870; x_wconf 92' lang='lat' dir='ltr'><strong>omne</strong></span> <span class='ocrx_word' id='word_1_124' title='bbox 869 2816 1160 2891; x_wconf 86' lang='lat' dir='ltr'><strong>verum,</strong></span> <span class='ocrx_word' id='word_1_125' title='bbox 1233 2795 1567 2872; x_wconf 81' lang='lat' dir='ltr'><strong>discurre</strong></span> <span class='ocrx_word' id='word_1_126' title='bbox 1632 2816 1766 2893; x_wconf 91' lang='lat' dir='ltr'><strong>per</strong></span> <span class='ocrx_word' id='word_1_127' title='bbox 1834 2795 2158 2892; x_wconf 89' lang='lat' dir='ltr'><strong>singulos</strong></span> <span class='ocrx_word' id='word_1_128' title='bbox 2236 2795 2597 2893; x_wconf 88' lang='lat' dir='ltr'><strong>sapientes</strong></span> <span class='ocrx_word' id='word_1_129' title='bbox 2666 2817 2919 2871; x_wconf 87' lang='lat' dir='ltr'><strong>rerum</strong></span> 
     </span>
     <span class='ocr_line' id='line_1_17' title="bbox 574 2916 2923 3012; baseline 0.001 -22"><span class='ocrx_word' id='word_1_130' title='bbox 574 2916 992 2991; x_wconf 88' lang='lat' dir='ltr'><strong>divinarum</strong></span> <span class='ocrx_word' id='word_1_131' title='bbox 1043 2924 1119 2992; x_wconf 91' lang='lat' dir='ltr'><strong>et</strong></span> <span class='ocrx_word' id='word_1_132' title='bbox 1170 2919 1694 3012; x_wconf 83' lang='lat' dir='ltr'><strong>humanarum,</strong></span> <span class='ocrx_word' id='word_1_133' title='bbox 1741 2924 1816 2992; x_wconf 91' lang='lat' dir='ltr'><strong>et</strong></span> <span class='ocrx_word' id='word_1_134' title='bbox 1867 2916 2192 2993; x_wconf 91' lang='lat' dir='ltr'><strong>invenies</strong></span> <span class='ocrx_word' id='word_1_135' title='bbox 2243 2916 2487 2991; x_wconf 89' lang='lat' dir='ltr'><strong>omnia</strong></span> <span class='ocrx_word' id='word_1_136' title='bbox 2542 2917 2923 2992; x_wconf 87' lang='lat' dir='ltr'><strong>erroribus</strong></span> 
     </span>
     <span class='ocr_line' id='line_1_18' title="bbox 575 3035 2923 3134; baseline -0 -23"><span class='ocrx_word' id='word_1_137' title='bbox 575 3038 810 3132; x_wconf 90' lang='lat' dir='ltr'><strong>plena.</strong></span> <span class='ocrx_word' id='word_1_138' title='bbox 882 3035 1336 3132; x_wconf 84' lang='lat' dir='ltr'><strong>Augustinus</strong></span> <span class='ocrx_word' id='word_1_139' title='bbox 1397 3044 1471 3110; x_wconf 89' lang='lat' dir='ltr'><strong>et</strong></span> <span class='ocrx_word' id='word_1_140' title='bbox 1529 3037 2022 3134; x_wconf 83' lang='lat' dir='ltr'><strong>Hieronymus</strong></span> <span class='ocrx_word' id='word_1_141' title='bbox 2074 3037 2253 3112; x_wconf 85' lang='lat' dir='ltr'><strong>tanti</strong></span> <span class='ocrx_word' id='word_1_142' title='bbox 2305 3037 2642 3111; x_wconf 87' lang='lat' dir='ltr'><strong>doctores</strong></span> <span class='ocrx_word' id='word_1_143' title='bbox 2693 3057 2923 3111; x_wconf 85' lang='lat' dir='ltr'><strong>sacrae</strong></span> 
     </span>
     <span class='ocr_line' id='line_1_19' title="bbox 575 3157 2918 3254; baseline -0.002 -20"><span class='ocrx_word' id='word_1_144' title='bbox 575 3158 1000 3254; x_wconf 85' lang='lat' dir='ltr'><strong>Scripturae,</strong></span> <span class='ocrx_word' id='word_1_145' title='bbox 1059 3157 1186 3252; x_wconf 88' lang='lat' dir='ltr'><strong>qui</strong></span> <span class='ocrx_word' id='word_1_146' title='bbox 1255 3157 1642 3232; x_wconf 89' lang='lat' dir='ltr'><strong>intendunt</strong></span> <span class='ocrx_word' id='word_1_147' title='bbox 1691 3157 2002 3233; x_wconf 85' lang='lat' dir='ltr'><strong>salutem</strong></span> <span class='ocrx_word' id='word_1_148' title='bbox 2055 3158 2501 3252; x_wconf 87' lang='lat' dir='ltr'><strong>animarum,</strong></span> <span class='ocrx_word' id='word_1_149' title='bbox 2556 3163 2918 3251; x_wconf 88' lang='lat' dir='ltr'><strong>quantum</strong></span> 
     </span>
     <span class='ocr_line' id='line_1_20' title="bbox 574 3276 2923 3373; baseline -0.001 -20"><span class='ocrx_word' id='word_1_150' title='bbox 574 3279 767 3356; x_wconf 88' lang='lat' dir='ltr'><strong>inter</strong></span> <span class='ocrx_word' id='word_1_151' title='bbox 819 3301 900 3354; x_wconf 91' lang='lat' dir='ltr'><strong>se</strong></span> <span class='ocrx_word' id='word_1_152' title='bbox 947 3277 1342 3373; x_wconf 85' lang='lat' dir='ltr'><strong>aliquando</strong></span> <span class='ocrx_word' id='word_1_153' title='bbox 1391 3277 1856 3354; x_wconf 77' lang='lat' dir='ltr'><strong>discordant?</strong></span> <span class='ocrx_word' id='word_1_154' title='bbox 1893 3278 2152 3352; x_wconf 89' lang='lat' dir='ltr'><strong>medici</strong></span> <span class='ocrx_word' id='word_1_155' title='bbox 2197 3278 2324 3373; x_wconf 90' lang='lat' dir='ltr'><strong>qui</strong></span> <span class='ocrx_word' id='word_1_156' title='bbox 2377 3276 2760 3355; x_wconf 90' lang='lat' dir='ltr'><strong>intendunt</strong></span> <span class='ocrx_word' id='word_1_157' title='bbox 2801 3297 2923 3350; x_wconf 88' lang='lat' dir='ltr'><strong>sa—</strong></span> 
     </span>
     <span class='ocr_line' id='line_1_21' title="bbox 574 3395 2919 3495; baseline -0.002 -22"><span class='ocrx_word' id='word_1_158' title='bbox 574 3401 808 3475; x_wconf 90' lang='lat' dir='ltr'><strong>lutem</strong></span> <span class='ocrx_word' id='word_1_159' title='bbox 859 3420 1284 3495; x_wconf 88' lang='lat' dir='ltr'><strong>corporum,</strong></span> <span class='ocrx_word' id='word_1_160' title='bbox 1321 3399 1695 3493; x_wconf 91' lang='lat' dir='ltr'><strong>quomodo</strong></span> <span class='ocrx_word' id='word_1_161' title='bbox 1730 3397 2235 3474; x_wconf 82' lang='lat' dir='ltr'><strong>conveniunt?</strong></span> <span class='ocrx_word' id='word_1_162' title='bbox 2274 3404 2441 3494; x_wconf 92' lang='lat' dir='ltr'><strong>pete</strong></span> <span class='ocrx_word' id='word_1_163' title='bbox 2473 3395 2919 3473; x_wconf 86' lang='lat' dir='ltr'><strong>Avicennam</strong></span> 
     </span>
     <span class='ocr_line' id='line_1_22' title="bbox 573 3518 2926 3617; baseline -0.002 -21"><span class='ocrx_word' id='word_1_164' title='bbox 573 3528 651 3596; x_wconf 90' lang='lat' dir='ltr'><strong>et</strong></span> <span class='ocrx_word' id='word_1_165' title='bbox 700 3520 1134 3596; x_wconf 85' lang='lat' dir='ltr'><strong>Averroim:</strong></span> <span class='ocrx_word' id='word_1_166' title='bbox 1190 3520 1466 3617; x_wconf 86' lang='lat' dir='ltr'><strong>legistae</strong></span> <span class='ocrx_word' id='word_1_167' title='bbox 1513 3520 1639 3614; x_wconf 89' lang='lat' dir='ltr'><strong>qui</strong></span> <span class='ocrx_word' id='word_1_168' title='bbox 1686 3526 1951 3593; x_wconf 87' lang='lat' dir='ltr'><strong>curant</strong></span> <span class='ocrx_word' id='word_1_169' title='bbox 1986 3518 2168 3593; x_wconf 90' lang='lat' dir='ltr'><strong>vitas</strong></span> <span class='ocrx_word' id='word_1_170' title='bbox 2206 3524 2279 3593; x_wconf 88' lang='lat' dir='ltr'><strong>et</strong></span> <span class='ocrx_word' id='word_1_171' title='bbox 2312 3518 2751 3593; x_wconf 89' lang='lat' dir='ltr'><strong>substantias</strong></span> <span class='ocrx_word' id='word_1_172' title='bbox 2791 3520 2926 3592; x_wconf 89' lang='lat' dir='ltr'><strong>ho-</strong></span> 
     </span>
     <span class='ocr_line' id='line_1_23' title="bbox 581 3638 2925 3735; baseline -0.001 -22"><span class='ocrx_word' id='word_1_173' title='bbox 581 3640 887 3734; x_wconf 86' lang='lat' dir='ltr'><strong>minum,</strong></span> <span class='ocrx_word' id='word_1_174' title='bbox 939 3647 1300 3735; x_wconf 88' lang='lat' dir='ltr'><strong>quantum</strong></span> <span class='ocrx_word' id='word_1_175' title='bbox 1358 3640 1628 3715; x_wconf 84' lang='lat' dir='ltr'><strong>habent</strong></span> <span class='ocrx_word' id='word_1_176' title='bbox 1678 3638 2053 3734; x_wconf 91' lang='lat' dir='ltr'><strong>opiniones</strong></span> <span class='ocrx_word' id='word_1_177' title='bbox 2105 3638 2561 3713; x_wconf 77' lang='lat' dir='ltr'><strong>contrarias?</strong></span> <span class='ocrx_word' id='word_1_178' title='bbox 2608 3638 2925 3713; x_wconf 90' lang='lat' dir='ltr'><strong>decreti—</strong></span> 
     </span>
     <span class='ocr_line' id='line_1_24' title="bbox 575 3758 2923 3857; baseline -0.001 -22"><span class='ocrx_word' id='word_1_179' title='bbox 575 3770 705 3835; x_wconf 84' lang='lat' dir='ltr'><strong>stae</strong></span> <span class='ocrx_word' id='word_1_180' title='bbox 777 3762 1151 3856; x_wconf 90' lang='lat' dir='ltr'><strong>quomodo</strong></span> <span class='ocrx_word' id='word_1_181' title='bbox 1225 3760 1540 3836; x_wconf 87' lang='lat' dir='ltr'><strong>invicem</strong></span> <span class='ocrx_word' id='word_1_182' title='bbox 1617 3759 2186 3835; x_wconf 77' lang='lat' dir='ltr'><strong>contradicunt?</strong></span> <span class='ocrx_word' id='word_1_183' title='bbox 2253 3760 2601 3857; x_wconf 83' lang='lat' dir='ltr'><strong>astrologi</strong></span> <span class='ocrx_word' id='word_1_184' title='bbox 2678 3758 2923 3852; x_wconf 88' lang='lat' dir='ltr'><strong>qualia</strong></span> 
     </span>
     <span class='ocr_line' id='line_1_25' title="bbox 575 3871 2917 3971; baseline 0.001 -18"><span class='ocrx_word' id='word_1_185' title='bbox 575 3880 952 3955; x_wconf 90' lang='lat' dir='ltr'><strong>mendacia</strong></span> <span class='ocrx_word' id='word_1_186' title='bbox 1003 3881 1304 3955; x_wconf 78' lang='lat' dir='ltr'><strong>dicunt?</strong></span> <span class='ocrx_word' id='word_1_187' title='bbox 1354 3880 1462 3955; x_wconf 92' lang='lat' dir='ltr'><strong>De</strong></span> <span class='ocrx_word' id='word_1_188' title='bbox 1489 3871 1564 3971; x_wconf 81' lang='lat'><strong>(²)</strong></span> <span class='ocrx_word' id='word_1_189' title='bbox 1617 3879 1900 3954; x_wconf 81' lang='lat' dir='ltr'><strong>caeteris</strong></span> <span class='ocrx_word' id='word_1_190' title='bbox 1948 3885 2257 3971; x_wconf 86' lang='lat' dir='ltr'><strong>taceam.</strong></span> <span class='ocrx_word' id='word_1_191' title='bbox 2286 3885 2473 3953; x_wconf 87' lang='lat' dir='ltr'><strong>-E</strong></span> <span class='ocrx_word' id='word_1_192' title='bbox 2503 3882 2748 3953; x_wconf 82' lang='lat' dir='ltr'><strong>disiar.</strong></span> <span class='ocrx_word' id='word_1_193' title='bbox 2786 3878 2917 3955; x_wconf 88' lang='lat' dir='ltr'><strong>Hic</strong></span> 
     </span>
     <span class='ocr_line' id='line_1_26' title="bbox 571 3997 2915 4098; baseline -0 -26"><span class='ocrx_word' id='word_1_194' title='bbox 571 3999 914 4098; x_wconf 87' lang='lat' dir='ltr'><strong>Virgilius</strong></span> <span class='ocrx_word' id='word_1_195' title='bbox 979 4000 1367 4075; x_wconf 86' lang='lat' dir='ltr'><strong>confirmat</strong></span> <span class='ocrx_word' id='word_1_196' title='bbox 1433 4001 1622 4073; x_wconf 84' lang='lat' dir='ltr'><strong>hanc</strong></span> <span class='ocrx_word' id='word_1_197' title='bbox 1691 3998 2008 4073; x_wconf 89' lang='lat' dir='ltr'><strong>nobilem</strong></span> <span class='ocrx_word' id='word_1_198' title='bbox 2079 3997 2627 4093; x_wconf 88' lang='lat' dir='ltr'><strong>persuasionem</strong></span> <span class='ocrx_word' id='word_1_199' title='bbox 2703 4019 2915 4071; x_wconf 87' lang='lat' dir='ltr'><strong>suam</strong></span> 
     </span>
     <span class='ocr_line' id='line_1_27' title="bbox 563 4116 3020 4215; baseline -0.002 -20"><span class='ocrx_word' id='word_1_200' title='bbox 563 4120 710 4215; x_wconf 22' lang='lat' dir='ltr'><strong>‘alia</strong></span> <span class='ocrx_word' id='word_1_201' title='bbox 782 4122 1084 4215; x_wconf 88' lang='lat' dir='ltr'><strong>ratione,</strong></span> <span class='ocrx_word' id='word_1_202' title='bbox 1151 4127 1223 4197; x_wconf 91' lang='lat' dir='ltr'><strong>et</strong></span> <span class='ocrx_word' id='word_1_203' title='bbox 1279 4119 1570 4194; x_wconf 83' lang='lat' dir='ltr'><strong>videtur</strong></span> <span class='ocrx_word' id='word_1_204' title='bbox 1623 4138 1946 4215; x_wconf 88' lang='lat' dir='ltr'><strong>arguere</strong></span> <span class='ocrx_word' id='word_1_205' title='bbox 2005 4118 2154 4191; x_wconf 87' lang='lat' dir='ltr'><strong>sic:</strong></span> <span class='ocrx_word' id='word_1_206' title='bbox 2216 4117 2275 4189; x_wconf 91' lang='lat' dir='ltr'><strong>si</strong></span> <span class='ocrx_word' id='word_1_207' title='bbox 2337 4116 2671 4211; x_wconf 90' lang='lat' dir='ltr'><strong>possibile</strong></span> <span class='ocrx_word' id='word_1_208' title='bbox 2726 4123 2919 4191; x_wconf 89' lang='lat' dir='ltr'><strong>esset</strong></span> <span class='ocrx_word' id='word_1_209' title='bbox 3010 4188 3020 4199; x_wconf 82' lang='grc'><em>,</em></span> 
     </span>
     <span class='ocr_line' id='line_1_28' title="bbox 571 4236 2919 4335; baseline -0.002 -20"><span class='ocrx_word' id='word_1_210' title='bbox 571 4261 701 4335; x_wconf 88' lang='lat' dir='ltr'><strong>per</strong></span> <span class='ocrx_word' id='word_1_211' title='bbox 739 4240 1096 4315; x_wconf 87' lang='lat' dir='ltr'><strong>rationem</strong></span> <span class='ocrx_word' id='word_1_212' title='bbox 1137 4239 1548 4313; x_wconf 87' lang='lat' dir='ltr'><strong>naturalem</strong></span> <span class='ocrx_word' id='word_1_213' title='bbox 1602 4244 1676 4311; x_wconf 88' lang='lat' dir='ltr'><strong>et</strong></span> <span class='ocrx_word' id='word_1_214' title='bbox 1727 4236 2104 4313; x_wconf 87' lang='lat' dir='ltr'><strong>scientiam</strong></span> <span class='ocrx_word' id='word_1_215' title='bbox 2155 4236 2585 4331; x_wconf 85' lang='lat' dir='ltr'><strong>acquisitam</strong></span> <span class='ocrx_word' id='word_1_216' title='bbox 2641 4256 2919 4333; x_wconf 90' lang='lat' dir='ltr'><strong>cogno-</strong></span> 
     </span>
     <span class='ocr_line' id='line_1_29' title="bbox 571 4357 2917 4451; baseline -0.003 -14"><span class='ocrx_word' id='word_1_217' title='bbox 571 4382 778 4438; x_wconf 85' lang='lat' dir='ltr'><strong>scere</strong></span> <span class='ocrx_word' id='word_1_218' title='bbox 826 4361 1306 4451; x_wconf 84' lang='lat' dir='ltr'><strong>divinitatem,</strong></span> <span class='ocrx_word' id='word_1_219' title='bbox 1359 4366 1432 4435; x_wconf 90' lang='lat' dir='ltr'><strong>et</strong></span> <span class='ocrx_word' id='word_1_220' title='bbox 1481 4358 1814 4433; x_wconf 88' lang='lat' dir='ltr'><strong>ordinem</strong></span> <span class='ocrx_word' id='word_1_221' title='bbox 1883 4358 2072 4431; x_wconf 89' lang='lat' dir='ltr'><strong>illius</strong></span> <span class='ocrx_word' id='word_1_222' title='bbox 2133 4358 2207 4429; x_wconf 88' lang='lat' dir='ltr'><strong>in</strong></span> <span class='ocrx_word' id='word_1_223' title='bbox 2269 4357 2649 4448; x_wconf 82' lang='lat' dir='ltr'><strong>creaturiS,</strong></span> <span class='ocrx_word' id='word_1_224' title='bbox 2713 4363 2917 4431; x_wconf 90' lang='lat' dir='ltr'><strong>certe</strong></span> 
     </span>
     <span class='ocr_line' id='line_1_30' title="bbox 571 4471 2917 4573; baseline -0.003 -16"><span class='ocrx_word' id='word_1_225' title='bbox 571 4482 894 4557; x_wconf 82' lang='lat' dir='ltr'><strong>maxime</strong></span> <span class='ocrx_word' id='word_1_226' title='bbox 963 4482 1332 4557; x_wconf 83' lang='lat' dir='ltr'><strong>novissent</strong></span> <span class='ocrx_word' id='word_1_227' title='bbox 1363 4471 1435 4573; x_wconf 81' lang='lat'><strong>(³)</strong></span> <span class='ocrx_word' id='word_1_228' title='bbox 1513 4481 1669 4554; x_wconf 86' lang='lat' dir='ltr'><strong>haec</strong></span> <span class='ocrx_word' id='word_1_229' title='bbox 1746 4486 1820 4553; x_wconf 91' lang='lat' dir='ltr'><strong>et</strong></span> <span class='ocrx_word' id='word_1_230' title='bbox 1897 4478 2036 4553; x_wconf 88' lang='lat' dir='ltr'><strong>alia</strong></span> <span class='ocrx_word' id='word_1_231' title='bbox 2113 4478 2392 4573; x_wconf 87' lang='lat' dir='ltr'><strong>antiqui</strong></span> <span class='ocrx_word' id='word_1_232' title='bbox 2461 4477 2917 4552; x_wconf 83' lang='lat' dir='ltr'><strong>excellentis-</strong></span> 
     </span>
     <span class='ocr_line' id='line_1_31' title="bbox 569 4598 2921 4699; baseline -0.002 -22"><span class='ocrx_word' id='word_1_233' title='bbox 569 4602 729 4677; x_wconf 87' lang='lat' dir='ltr'><strong>simi</strong></span> <span class='ocrx_word' id='word_1_234' title='bbox 793 4601 1244 4699; x_wconf 84' lang='lat' dir='ltr'><strong>philosophi3</strong></span> <span class='ocrx_word' id='word_1_235' title='bbox 1297 4601 1424 4675; x_wconf 91' lang='lat' dir='ltr'><strong>sed</strong></span> <span class='ocrx_word' id='word_1_236' title='bbox 1492 4622 1622 4673; x_wconf 91' lang='lat' dir='ltr'><strong>nos</strong></span> <span class='ocrx_word' id='word_1_237' title='bbox 1690 4599 2023 4673; x_wconf 89' lang='lat' dir='ltr'><strong>videmus</strong></span> <span class='ocrx_word' id='word_1_238' title='bbox 2095 4598 2291 4693; x_wconf 90' lang='lat' dir='ltr'><strong>quod</strong></span> <span class='ocrx_word' id='word_1_239' title='bbox 2356 4598 2775 4673; x_wconf 83' lang='lat' dir='ltr'><strong>Aristoteles</strong></span> <span class='ocrx_word' id='word_1_240' title='bbox 2844 4606 2921 4675; x_wconf 91' lang='lat' dir='ltr'><strong>et</strong></span> 
     </span>
     <span class='ocr_line' id='line_1_32' title="bbox 569 4717 2924 4818; baseline -0.001 -23"><span class='ocrx_word' id='word_1_241' title='bbox 569 4723 795 4818; x_wconf 87' lang='lat' dir='ltr'><strong>Plato,</strong></span> <span class='ocrx_word' id='word_1_242' title='bbox 846 4723 974 4817; x_wconf 89' lang='lat' dir='ltr'><strong>qui</strong></span> <span class='ocrx_word' id='word_1_243' title='bbox 1027 4728 1396 4797; x_wconf 90' lang='lat' dir='ltr'><strong>noverunt</strong></span> <span class='ocrx_word' id='word_1_244' title='bbox 1449 4721 1612 4815; x_wconf 90' lang='lat' dir='ltr'><strong>plus</strong></span> <span class='ocrx_word' id='word_1_245' title='bbox 1663 4718 1948 4795; x_wconf 81' lang='lat' dir='ltr'><strong>caeteris</strong></span> <span class='ocrx_word' id='word_1_246' title='bbox 2001 4718 2174 4792; x_wconf 92' lang='lat' dir='ltr'><strong>illud</strong></span> <span class='ocrx_word' id='word_1_247' title='bbox 2211 4717 2410 4812; x_wconf 90' lang='lat' dir='ltr'><strong>quod</strong></span> <span class='ocrx_word' id='word_1_248' title='bbox 2463 4718 2631 4792; x_wconf 89' lang='lat' dir='ltr'><strong>sciri</strong></span> <span class='ocrx_word' id='word_1_249' title='bbox 2683 4726 2924 4813; x_wconf 87' lang='lat' dir='ltr'><strong>potest</strong></span> 
     </span>
    </p>
   </div>
   <div class='ocr_carea' id='block_1_4' title="bbox 691 4996 2629 5142">
    <p class='ocr_par' dir='ltr' id='par_1_4' title="bbox 691 4996 2629 5142">
     <span class='ocr_line' id='line_1_33' title="bbox 691 4996 2629 5067; baseline -0.002 -16"><span class='ocrx_word' id='word_1_250' title='bbox 691 5003 748 5067; x_wconf 84' lang='lat'><strong>(¹)</strong></span> <span class='ocrx_word' id='word_1_251' title='bbox 777 5002 840 5053; x_wconf 79' lang='lat' dir='ltr'><strong>E.</strong></span> <span class='ocrx_word' id='word_1_252' title='bbox 871 5002 1020 5052; x_wconf 78' lang='lat' dir='ltr'><strong>istam</strong></span> <span class='ocrx_word' id='word_1_253' title='bbox 1053 5002 1344 5053; x_wconf 80' lang='lat' dir='ltr'><strong>instantiam</strong></span> <span class='ocrx_word' id='word_1_254' title='bbox 1375 5006 1430 5051; x_wconf 85' lang='lat' dir='ltr'><strong>et</strong></span> <span class='ocrx_word' id='word_1_255' title='bbox 1461 4999 1790 5051; x_wconf 74' lang='lat' dir='ltr'><strong>solutionem.</strong></span> <span class='ocrx_word' id='word_1_256' title='bbox 2042 4996 2100 5061; x_wconf 76' lang='lat'><strong>(²)</strong></span> <span class='ocrx_word' id='word_1_257' title='bbox 2131 4998 2192 5049; x_wconf 86' lang='grc' dir='ltr'><strong>Ε.</strong></span> <span class='ocrx_word' id='word_1_258' title='bbox 2226 5004 2287 5048; x_wconf 82' lang='lat' dir='ltr'><strong>ut</strong></span> <span class='ocrx_word' id='word_1_259' title='bbox 2318 5000 2383 5048; x_wconf 84' lang='lat' dir='ltr'><strong>de</strong></span> <span class='ocrx_word' id='word_1_260' title='bbox 2415 4997 2629 5048; x_wconf 59' lang='grc' dir='ltr'>σείει-ξε.</span> 
     </span>
     <span class='ocr_line' id='line_1_34' title="bbox 691 5075 1675 5142; baseline -0.005 -12"><span class='ocrx_word' id='word_1_261' title='bbox 691 5078 744 5142; x_wconf 73' lang='lat'><strong>(⁸)</strong></span> <span class='ocrx_word' id='word_1_262' title='bbox 779 5079 840 5129; x_wconf 84' lang='grc' dir='ltr'><strong>Ε.</strong></span> <span class='ocrx_word' id='word_1_263' title='bbox 873 5090 904 5127; x_wconf 83' lang='lat' dir='ltr'><strong>e</strong></span> <span class='ocrx_word' id='word_1_264' title='bbox 940 5083 1030 5128; x_wconf 76' lang='lat'><strong>11⁷</strong></span> <span class='ocrx_word' id='word_1_265' title='bbox 1063 5078 1324 5129; x_wconf 72' lang='lat' dir='ltr'><strong>novissent</strong></span> <span class='ocrx_word' id='word_1_266' title='bbox 1357 5078 1456 5127; x_wconf 85' lang='lat' dir='ltr'><strong>hoc</strong></span> <span class='ocrx_word' id='word_1_267' title='bbox 1489 5080 1542 5127; x_wconf 81' lang='lat' dir='ltr'><strong>et</strong></span> <span class='ocrx_word' id='word_1_268' title='bbox 1573 5075 1675 5126; x_wconf 70' lang='lat' dir='ltr'><strong>alil.</strong></span> 
     </span>
    </p>
   </div>
  </div>
 </body>
</html>
