4392 6850
1439 931 1536 998 26
2165 937 2571 992 commun
2620 939 3059 992 rcum-roan

1437 1083 1680 1180 primo
1725 1083 1852 1177 qui
1919 1083 2060 1158 sint
2115 1082 2243 1175 qui
2308 1089 2705 1156 evaserunt
2770 1082 2867 1156 ab
2929 1082 3239 1176 infernO,
3303 1083 3503 1158 unde
3564 1084 3785 1158 dicit:

1437 1207 1606 1278 ἀπ’-σε’
1627 1207 1694 1276 ei
1714 1230 1740 1274 .·
1787 1202 2062 1276 scilicet
2099 1201 2223 1275 ille
2262 1203 2441 1276 Cato
2474 1209 2625 1278 tam
2662 1189 3093 1296 luminosus,
3132 1206 3243 1276 clei
3276 1207 3439 1278 stete
3478 1208 3624 1295 voi,
3674 1205 3789 1278 lo·

1439 1325 1692 1418 quitur
1717 1344 1890 1398 cum
1915 1321 2401 1397 admiratione
2431 1322 2667 1398 factus
2700 1323 3033 1418 stupidus
3066 1325 3387 1400 novitate
3424 1326 3530 1399 rei
3566 1347 3789 1399 num—

1439 1464 1664 1540 quam
1715 1443 1894 1516 alias
1943 1443 2142 1536 visae,
2197 1445 2539 1516 movendo
2586 1446 2807 1536 quelle
2852 1451 3083 1518 onesta
3124 1447 3385 1536 piume,
3429 1445 3635 1539 idest,
3676 1446 3787 1520 lo-

1440 1563 1768 1658 quend03
1806 1565 1944 1638 hoc
1977 1584 2113 1658 pro
2149 1569 2353 1638 tanto
2386 1563 2579 1657 dicit,
2614 1563 2791 1657 quia
2828 1565 3194 1658 loquendo
3230 1565 3575 1640 movebat
3608 1567 3791 1660 pilos

1441 1685 1691 1758 barbae
1742 1684 1816 1756 in
1875 1684 2061 1758 facie
2129 1705 2263 1758 sua
2336 1685 2663 1776 honesta,
2726 1686 2847 1757 che
2892 1692 3141 1758 contr-o
3204 1687 3284 1756 al
3338 1689 3525 1758 cieco
3580 1689 3791 1777 fiume

1434 1807 1708 1898 suqffl‘lo
1759 1811 1953 1877 avete
1999 1807 2072 1876 la
2111 1805 2443 1895 primone
2490 1811 2783 1876 eterna?
2830 1803 3035 1896 idest,
3088 1803 3481 1878 infernum.
3534 1806 3623 1878 Et
3674 1806 3791 1879 hic

1443 1919 1614 2000 nota
1665 1924 1864 2020 quod
1915 1925 2128 1998 multi
2179 1935 2578 2020 exponunt,
2629 1923 2829 2018 quod
2876 1932 3091 2019 poeta
3142 1931 3357 1998 vocat
3412 1925 3791 2000 Acheron-

1442 2053 1590 2122 tem
1643 2065 1926 2120 caecum
1977 2045 2279 2138 flumen,
2326 2043 2528 2139 quod
2566 2051 2679 2118 est
2725 2044 3029 2119 omnino
3073 2044 3339 2118 falsum
3394 2051 3470 2118 et
3518 2045 3791 2140 impos-

1439 2165 1668 2258 sibile,
1732 2165 1906 2258 quia
1974 2163 2088 2238 isti
2149 2184 2297 2238 non
2364 2163 2746 2239 exiverant
2810 2163 2904 2238 de
2968 2164 3252 2240 inferno
3314 2185 3447 2260 per
3512 2167 3789 2240 flumen

1437 2285 1864 2359 Acherontis
1896 2304 2030 2378 per
2073 2283 2272 2378 quod
2314 2283 2806 2376 intraverant3
2842 2289 2919 2357 et
2952 2284 3011 2356 si
3047 2284 3368 2358 exissent
3402 2305 3551 2358 non
3590 2295 3792 2360 tran-

1439 2404 1698 2478 sissent
1751 2405 1845 2478 ad
1897 2403 2425 2498 hemisperium
2460 2404 2785 2496 inferius,
2838 2423 2975 2478 nec
3024 2425 3357 2498 unquam
3410 2404 3791 2500 pervenis-

1442 2531 1604 2599 sent
1651 2523 1745 2598 ad
1809 2523 2363 2620 purgatorium3
2418 2522 2545 2597 sed
2588 2522 2901 2618 appellat
2940 2544 3219 2598 caecum
3264 2524 3543 2598 flumen
3583 2525 3787 2597 illum

1445 2645 1768 2719 rivulum
1809 2643 1936 2738 qui
1975 2643 2299 2718 nascitur
2332 2643 2425 2718 ad
2462 2642 2743 2718 radices
2786 2644 3055 2718 montis
3097 2645 3501 2740 purgatorii
3536 2651 3791 2719 contra

1445 2764 1840 2858 infernum,
1891 2764 2066 2858 quia
2115 2762 2395 2838 directe
2442 2784 2641 2857 aqua
2688 2765 3093 2862 purgatorii
3132 2766 3527 2860 opponitur
3576 2785 3789 2859 aquae

1445 2883 1804 2976 infernali,
1841 2903 2010 2976 quae
2059 2903 2257 2975 aqua
2297 2889 2409 2957 est
2448 2883 2761 2978 occulta,
2797 2885 2971 2978 quia
3005 2885 3277 2958 labitur
3310 2886 3449 2959 sub
3486 2892 3789 2978 terram,

1446 3010 1527 3078 ut
1567 3003 1803 3099 patuit
1837 3003 2032 3078 finali
2065 3003 2385 3099 capitulo
2417 3003 2710 3098 Inferni,
2744 3011 3001 3078 contra
3039 3005 3251 3079 cuius
3284 3026 3587 3080 cursum
3626 3006 3791 3078 Vir-

1443 3127 1660 3222 gilius
1711 3130 1784 3199 et
1825 3124 2094 3198 Dantes
2129 3144 2327 3197 nunc
2362 3131 2758 3198 venerant:
2802 3125 3342 3222 imaginabatur
3382 3127 3561 3201 Cato
3596 3125 3789 3220 quod

1443 3246 1560 3320 isti
1625 3251 1869 3319 essent
1943 3243 2036 3318 de
2105 3265 2425 3319 numero
2492 3245 3053 3340 damnatorum,
3119 3245 3283 3320 ideo
3344 3245 3790 3340 mirabatur3

1449 3365 1644 3441 unde
1693 3365 1862 3439 facit
1911 3364 2311 3441 secundam
2362 3364 2785 3461 petitionem
2838 3373 2913 3441 et
2962 3365 3179 3441 dicit:
3230 3369 3339 3439 clei
3392 3369 3575 3441 v’ha
3635 3370 3792 3458 φα·-

1445 3490 1644 3561 dati?
1675 3509 1720 3560 o
1769 3490 1880 3560 chi
1925 3490 1996 3560 υἱ
2035 3491 2116 3582 fu
2167 3490 2481 3577 lucerna,
2533 3486 2741 3581 quasi
2793 3486 3021 3561 dicat:
3070 3494 3147 3563 et
3184 3489 3245 3561 si
3292 3488 3395 3563 sic
3444 3494 3555 3563 est
3596 3488 3791 3583 quod

1445 3607 1822 3682 evaseritis
1869 3607 1966 3681 ab
2027 3606 2335 3701 infernO,
2390 3628 2539 3701 quo
2588 3608 2802 3702 duce,
2852 3615 2927 3683 et
2958 3601 3029 3699 (⁴)
3086 3629 3259 3682 cum
3312 3630 3463 3703 quo
3513 3609 3793 3683 lumine

1445 3726 1777 3823 potuistis
1838 3726 2091 3801 venire
2152 3747 2285 3821 per
2348 3726 2721 3801 tramitem
2788 3734 2939 3801 tam
3010 3729 3439 3802 occultum?
3506 3729 3793 3803 Sciebat

1445 3846 1643 3921 enim
1697 3847 1874 3920 Cato
1925 3845 2125 3939 quod
2176 3846 2363 3921 ratio
2405 3847 2759 3920 naturalis
2810 3868 2957 3921 non
3008 3853 3295 3942 poterat
3348 3848 3701 3923 recedere
3746 3869 3791 3921 a

1445 3972 1640 4041 statu
1693 3966 2067 4061 vitiorum,
2109 3967 2241 4040 nisi
2282 3966 2524 4041 divina
2558 3967 2796 4063 gratia
2830 3968 3307 4043 illuminante.
3346 3968 3551 4045 Unde
3582 3968 3789 4043 dicit:

1443 4092 1746 4163 ascendo
1789 4091 1959 4182 fuor
2009 4091 2096 4162 de
2146 4091 2220 4161 la
2256 4090 2628 4182 profonda
2662 4096 2869 4179 nocte,
2914 4088 3119 4183 idest,
3155 4089 3248 4165 de
3288 4090 3435 4164 alta
3486 4089 3792 4185 caligine

1446 4216 1831 4303 nocturna,
1872 4212 1992 4282 che
2023 4230 2297 4301 sempre
2334 4230 2513 4282 nera
2538 4214 2623 4303 sa
2657 4211 2731 4281 la
2771 4212 2951 4282 valle
2989 4212 3271 4304 inferna
3290 4217 3327 4282 ?
3377 4210 3581 4305 idest,
3624 4230 3792 4305 quae

1445 4350 1592 4405 nox
1645 4329 1815 4403 facit
1864 4349 2156 4424 semper
2208 4329 2495 4426 nigram
2548 4329 2815 4403 vallem
2868 4328 3325 4422 infernalem,
3363 4330 3535 4425 quia
3572 4330 3647 4403 in
3680 4329 3792 4403 in-

1443 4451 1652 4525 ferno
1721 4469 2132 4543 numquam
2192 4449 2391 4523 lucet
2452 4449 2583 4542 sol,
2641 4469 3051 4543 numquam
3101 4456 3455 4544 apparent
3526 4450 3791 4543 sidera,

1446 4590 1614 4665 quae
1663 4578 1882 4646 autor
1921 4570 2080 4663 jam
2131 4590 2266 4663 pro
2318 4574 2526 4663 parte
2576 4574 2903 4663 coeperat
2942 4564 3194 4643 videre
3234 4570 3371 4644 hic.
3407 4569 3579 4645 Ideo
3614 4571 3793 4647 Cato

1443 4688 1878 4764 admirative
1947 4689 2113 4763 facit
2175 4689 2467 4763 tertiam
2535 4688 2955 4783 petitionem
3036 4696 3111 4764 et
3190 4689 3405 4765 dicit:
3486 4695 3549 4763 le
3612 4692 3795 4782 leyyi

1445 4810 1516 4883 α’
1541 4810 1800 4900 abisso,
1854 4808 1978 4883 ubi
2031 4809 2231 4882 nulla
2284 4807 2688 4902 redemptio
2754 4814 2865 4883 est
2925 4809 3417 4885 habitantibus
3478 4809 3600 4905 ibi,
3663 4830 3793 4884 son

1574 5056 1632 5119 (¹)
1669 5056 1727 5105 E.
1759 5060 1815 5105 et
1845 5069 1968 5119 quo.
