4392 6850
1468 947 1566 1044 9'4
2185 987 2599 1044 coMEN‘ruu
2648 986 3091 1042 mmmm-oua

1466 1131 1994 1226 difficultatem,
2047 1129 2341 1206 dicens:
2395 1135 2583 1230 quivi
2640 1139 3031 1205 trovammo
3092 1133 3166 1204 la
3223 1134 3463 1205 νοσσία
3511 1125 3571 1205 si
3635 1139 3818 1224 erla,

1469 1255 1675 1349 idest,
1718 1252 1949 1350 ripam
1990 1259 2139 1328 tam
2177 1253 2515 1348 arduam,
2564 1255 2686 1326 che
2718 1255 3024 1326 'ndarno
3076 1255 3146 1326 vi
3181 1256 3422 1326 sarim
3458 1257 3520 1326 le
3566 1255 3817 1346 yambe

1460 1382 1742 1468 prome,
1819 1372 2022 1468 idest,
2093 1372 2366 1448 frustra
2436 1373 2601 1468 quis
2668 1378 2979 1447 tentaret
3050 1373 3447 1448 ascendere
3512 1373 3817 1469 pedibus

1469 1502 2160 1590 quantumcumque
2210 1493 2416 1591 agilis
2468 1499 2882 1568 montanuS.
2936 1493 3023 1567 Et
3074 1494 3421 1568 continuo
3471 1494 3817 1569 describit

1467 1616 1970 1692 difficultatem
2023 1614 2245 1688 huius
2276 1609 2351 1708 (¹)
2406 1615 2669 1690 montis
2720 1635 2853 1710 per
2887 1613 3510 1710 comparationem
3550 1616 3642 1690 ad
3678 1613 3817 1718 dif-

1471 1735 1871 1812 ficultatem
1927 1741 2349 1809 nostrorum
2404 1735 2765 1810 montium
2820 1735 3253 1810 italicorum.
3308 1737 3398 1810 Et
3438 1735 3511 1810 in
3546 1735 3815 1812 effectu

1469 1864 1686 1953 poeta
1738 1856 1896 1929 vult
1945 1855 2190 1929 dicere
2242 1854 2439 1950 quod
2498 1853 2571 1928 in
2638 1852 2899 1951 riperia
2962 1854 3242 1951 Januae,
3294 1856 3368 1929 in
3436 1879 3585 1952 qua
3642 1863 3814 1930 sunt

1473 1977 1735 2052 itinera
1798 1975 2219 2049 difficillima
2270 1974 2627 2070 omnium,
2688 1975 2889 2049 nulla
2954 1975 3072 2050 via
3136 1982 3245 2050 est
3311 1983 3459 2051 tam
3530 1998 3813 2073 aspera,

1472 2118 1642 2194 quae
1694 2117 1839 2171 non
1890 2095 1981 2170 sit
2029 2096 2243 2192 plana
2296 2101 2367 2169 et
2417 2093 2643 2169 facilis
2707 2101 3043 2191 respectu
3105 2094 3330 2170 istiuS.
3394 2095 3599 2172 Unde
3651 2097 3816 2173 volo

1475 2224 1551 2292 te
1603 2223 1861 2290 notare
1918 2213 2010 2289 ad
2070 2215 2608 2312 intelligendam
2678 2216 2894 2310 plane
2950 2214 3162 2290 istam
3226 2216 3542 2293 nobilem
3608 2239 3813 2292 com-

1475 2335 1955 2431 parationem,
2008 2335 2222 2409 istam
2277 2335 2655 2430 regionem
2708 2334 2930 2409 fuisse
2981 2334 3154 2409 olim
3198 2337 3507 2412 alteram
3543 2345 3806 2435 cotem,

1471 2478 1643 2554 quae
1695 2477 2021 2531 romanae
2074 2455 2364 2530 virtutis
2415 2455 2648 2530 aciem
2702 2457 2920 2552 longo
2972 2457 3320 2533 exercitio
3358 2479 3490 2554 per
3542 2461 3816 2534 multos

1471 2598 1706 2653 annos
1759 2575 2072 2652 exacuit.
2127 2576 2329 2650 Sicut
2381 2575 2577 2650 enim
2632 2575 2879 2650 scribit
2928 2577 3173 2650 Livius
3207 2578 3523 2660 habebat
3572 2578 3816 2654 omnia

1473 2697 1549 2770 in
1600 2717 1680 2771 se
1731 2717 1899 2791 quae
1952 2695 2308 2771 haberent
2346 2685 2420 2788 (²)
2456 2694 2700 2770 facere
2742 2715 3134 2771 romanum
3178 2696 3480 2772 militem
3522 2699 3816 2795 vigilem

1473 2824 1549 2892 et
1601 2815 2011 2910 sollicitum,
2065 2814 2337 2892 scilicet
2398 2816 2731 2890 locorum
2787 2823 3211 2891 montanam
3261 2817 3632 2912 duritiem,
3684 2819 3817 2894 ho-

1473 2937 1698 3012 stium
1770 2942 2184 3033 promptam
2249 2936 2735 3032 velocitatem,
2800 2936 3226 3013 victualium
3291 2939 3815 3036 difficultatem,

1442 3061 1446 3066 ’
1473 3057 1901 3132 insidiarum
1930 3055 2575 3153 opportunitatem,
2602 3057 3085 3132 munitionem
3114 3060 3604 3154 castellorum,
3641 3082 3819 3135 con-

1477 3177 1962 3254 tinuationem
1997 3177 2363 3271 laborum,
2399 3177 2801 3272 plurimum
2839 3177 3165 3275 periculi,
3201 3179 3589 3255 minimum
3626 3203 3816 3278 prae—

1471 3299 1609 3394 dae,
1663 3298 1837 3372 nihil
1888 3298 2034 3372 otii.
2087 3298 2197 3371 Ex
2250 3297 2359 3370 his
2410 3318 2590 3395 ergo
2641 3298 2829 3393 vide,
2891 3300 3143 3395 lector,
3207 3309 3568 3396 quantum
3630 3323 3819 3399 prae-

1471 3418 1665 3495 dicta
1716 3416 1982 3493 saciant
2029 3417 2120 3491 ad
2175 3418 2653 3518 propositum,
2707 3419 2880 3513 quia
2934 3418 3044 3493 vir
3077 3418 3381 3496 tendens
3417 3429 3489 3497 et
3534 3430 3819 3499 tentans

1472 3540 1876 3615 ascendere
1923 3538 2017 3613 ad
2054 3545 2380 3614 montem
2432 3539 2745 3633 virtutiS,
2783 3546 3160 3636 tamquam
3199 3543 3407 3617 miles
3441 3564 3817 3642 romanuS,

1477 3660 1754 3735 invenit
1779 3660 2026 3734 omnia
2051 3659 2593 3756 impedimenta,
2636 3660 2824 3735 sicut
2856 3661 3016 3735 loca
3060 3668 3133 3736 et
3166 3668 3498 3758 tempora
3534 3685 3821 3761 aspera,

1479 3780 1703 3856 fortes
1752 3780 2235 3876 adversarioS,
2270 3781 2617 3855 continua
2652 3781 2866 3876 bella,
2901 3782 3149 3857 omnia
3192 3783 3697 3882 incommoda3
3750 3795 3824 3863 et

1475 3908 1558 3975 ut
1622 3902 2052 3977 concludam
2121 3922 2294 3976 cum
2354 3901 2581 3996 Livio,
2632 3922 2806 3976 cum
2859 3901 3136 3997 ubique
3199 3909 3569 3978 terrarum
3632 3914 3821 3983 esset

1478 4021 1955 4119 pugnandum
2009 4042 2182 4096 cum
2234 4022 2534 4118 singulis
2584 4022 3155 4119 difficultatibuS,
3190 4023 3306 4099 hic
3355 4046 3528 4099 cum
3573 4028 3820 4103 multis

1475 4163 1628 4216 uno
1681 4149 2014 4238 tempore
2065 4142 2545 4239 pugnandum
2597 4148 2792 4237 erat3
2847 4150 2921 4218 et
2988 4143 3174 4219 sicut
3226 4146 3517 4221 tandem
3573 4168 3821 4222 roma-

1475 4283 1617 4336 nus
1667 4261 1861 4357 vicit,
1913 4262 2011 4336 ita
2063 4262 2175 4338 vir
2225 4262 2429 4338 sortis
2480 4262 2726 4338 omnia
2786 4262 3027 4338 vincit.
3066 4264 3169 4337 -Et
3224 4264 3396 4340 dicit
3459 4266 3657 4361 quod
3708 4268 3822 4343 vir

1480 4391 1698 4457 natus
1748 4390 1860 4458 est
1891 4382 1984 4458 ad
2020 4382 2393 4479 virtutem,
2431 4384 2619 4458 sicut
2652 4381 2807 4459 avis
2846 4383 2938 4458 ad
2981 4385 3329 4460 volatum.
3375 4388 3555 4462 Nota
3599 4389 3821 4464 etiam

1479 4502 1950 4578 manifestum
2003 4523 2337 4579 errorem
2392 4523 2656 4578 eorum
2695 4503 2820 4599 qui
2861 4502 3113 4579 dicunt
3147 4506 3341 4601 quod
3376 4508 3673 4605 Liguria
3717 4521 3829 4589 est

1473 4622 1910 4698 Lombardia
1960 4625 2197 4720 plana,
2250 4624 2399 4698 imo
2449 4623 2726 4699 directe
2756 4614 2827 4717 (³)
2896 4646 3028 4720 per
3094 4628 3545 4702 contrarium
3614 4630 3822 4728 regio

1478 4749 1847 4838 montana,
1900 4764 2069 4838 quae
2119 4749 2231 4819 est
2280 4744 2470 4820 inter
2522 4745 2800 4819 Varum
2854 4752 2929 4821 et
2978 4748 3298 4822 Macram
3360 4750 3687 4847 flumina,
3743 4758 3825 4826 ut

1471 4862 1575 4939 ait
1624 4864 1902 4939 Florus.
1959 4864 2098 4940 Per
2151 4867 2289 4941 hoc
2348 4886 2529 4961 ergo
2590 4856 2804 4961 poeta
2870 4867 3182 4944 ostendit
3239 4890 3463 4964 quam
3517 4871 3822 4950 difficilis

1607 5130 1664 5195 (¹)
1698 5135 1806 5195 11¹1,
1839 5130 1983 5183 illius
2013 5133 2221 5185 montis.
2470 5134 2526 5199 (³)
2558 5135 2609 5187 S.
2641 5136 2913 5189 habebant.
3166 5137 3219 5201 (⁸)
3252 5137 3312 5189 E.
3346 5138 3541 5190 directe
3572 5145 3653 5192 est
3678 5154 3788 5206 per.
