4392 6850
1435 955 1712 1014 (murus
1759 958 2092 1026 Qum'rus.
2139 964 2144 968 ·
2786 950 2919 1016 151
3040 1040 3047 1046 ¹

581 1101 1134 1199 intelligentiam
1186 1101 1408 1176 huius
1458 1102 1710 1197 literae,
1747 1123 1916 1196 quae
1955 1107 2063 1178 est
2113 1103 2287 1178 satis
2332 1105 2528 1178 male
2562 1103 2924 1181 intellecta

579 1220 776 1316 apud
825 1227 1216 1298 extraneos
1246 1213 1345 1316 (¹),
1400 1223 1569 1296 volo
1621 1229 1694 1298 te
1753 1223 1964 1317 scire,
2017 1224 2216 1318 quod
2266 1224 2417 1299 Azo
2450 1225 2541 1298 111
2594 1225 2927 1301 marchio

579 1341 882 1416 estensis
931 1341 1168 1437 magis
1217 1341 1536 1416 famatus
1580 1340 1714 1416 suit
1763 1343 1959 1437 apud
1994 1343 2389 1419 modernos
2424 1366 2650 1440 quam
2686 1347 2836 1420 Azo
2862 1345 2925 1418 II

579 1461 698 1537 vel
744 1461 798 1555 I,
852 1482 998 1535 non
1051 1461 1336 1536 ratione
1386 1461 1682 1536 maioris
1732 1463 2023 1536 virtutis
2073 1463 2200 1538 sed
2249 1465 2591 1558 potentiae
2640 1471 2717 1540 et
2766 1487 2927 1540 ma·-

578 1581 1062 1679 gnificentiae:
1145 1582 1282 1657 fuit
1356 1583 1550 1657 enim
1625 1582 1966 1657 dominus
2039 1583 2423 1678 Ferrariae‚
2488 1571 2783 1661 M'utinae
2850 1591 2926 1661 et

577 1701 804 1798 Regii,
857 1709 936 1776 et
985 1710 1342 1800 cognatus
1395 1701 1587 1798 regis
1637 1702 1939 1778 Roberti
1969 1693 2069 1797 (²),
2105 1703 2327 1798 coepit
2374 1725 2605 1801 grave
2646 1705 2920 1780 bellum

581 1827 836 1898 contra
887 1823 1218 1898 civitates
1268 1824 1556 1897 Parmae
1607 1829 1682 1899 et
1745 1823 2114 1918 Bononiae,
2163 1845 2331 1918 quae
2396 1831 2571 1900 tunc
2638 1833 2925 1922 tempo-

578 1942 682 2017 ris
729 1950 942 2019 erant
991 1945 1334 2018 florentes
1383 1949 1460 2020 et
1508 1949 1860 2038 potentes.
1898 1945 2132 2020 Causa
2169 1945 2340 2020 belli
2390 1945 2625 2020 fertur
2674 1947 2922 2043 fuisse,

578 2064 779 2157 quod
823 2064 1148 2138 marchio
1199 2064 1578 2159 quaerebat
1626 2065 2034 2140 dominium
2085 2065 2398 2160 Parmae,
2438 2087 2741 2162 sperans
2792 2089 2926 2164 per

579 2185 718 2260 hoc
770 2185 1073 2260 faciliter
1122 2205 1488 2280 occupare
1529 2185 1978 2280 -Bononiam3
2030 2196 2481 2282 quapropter
2519 2187 2927 2263 bononien-

575 2325 692 2382 ses
742 2327 918 2381 cnm
958 2305 1470 2402 parmensibus
1510 2306 1846 2382 fecerunt
1890 2307 2561 2384 confederationem
2595 2309 2788 2384 inter
2820 2330 2923 2405 se,

575 2431 657 2500 ut
705 2427 1091 2502 obviarent
1143 2426 1525 2502 conatibus
1575 2427 1860 2502 Azouis,
1913 2428 2092 2502 Pars
2149 2428 2448 2504 illorum
2508 2430 2601 2504 de
2660 2429 2927 2506 Sancto

468 2598 477 2609 -
574 2546 784 2624 Vitali
835 2548 928 2622 de
976 2547 1271 2640 Parma,
1307 2568 1476 2641 quae
1523 2547 1812 2623 favebat
1863 2550 2084 2624 rebus
2134 2549 2421 2644 AzoniS,
2468 2553 2773 2645 expulsa
2814 2559 2926 2627 est

579 2689 750 2744 cum
801 2669 1163 2763 episcopo,
1225 2668 1354 2762 qui
1422 2674 1582 2744 erat
1641 2668 1734 2743 de
1795 2669 2018 2744 domo
2069 2669 2229 2764 illa3
2292 2677 2367 2745 et
2430 2672 2757 2748 marchio
2809 2673 2925 2746 in-

576 2787 876 2885 dignans
915 2778 992 2881 (⁸)
1055 2789 1462 2864 conabatur
1529 2789 1888 2864 reducere
1955 2811 2146 2866 eam.
2216 2790 2447 2888 Igitur
2510 2813 2705 2867 anno
2773 2793 2921 2867 Do-

578 2908 751 2984 mini
786 2909 1152 2985 MCCXCV
1205 2909 1532 2984 marchio
1583 2917 2020 2985 convertens
2073 2918 2309 2985 totum
2355 2911 2711 3007 impetum
2752 2912 2923 2987 belli

575 3051 802 3126 supra
850 3029 1279 3125 Bononiam,
1333 3030 1594 3104 invasit
1643 3051 1810 3106 eam
1862 3053 1908 3106 a
1956 3031 2249 3107 duobus
2308 3032 2679 3108 lateribus,
2732 3033 2917 3108 Nam

575 3171 668 3226 ex
721 3171 872 3226 una
922 3157 1134 3244 parte
1183 3149 1552 3244 colligavit
1601 3171 1682 3225 se
1729 3171 1898 3224 cum
1937 3151 2409 3247 Maghinardo
2443 3153 2737 3249 Pagano
2786 3152 2923 3227 do-

572 3271 772 3345 mino
821 3271 1213 3365 Faventiae,
1265 3277 1342 3344 et
1389 3270 1546 3344 aliis
1605 3270 2012 3367 ghibellinis
2071 3272 2164 3346 de
2222 3273 2721 3366 Romandiola,
2774 3259 2917 3348 sci-

571 3390 742 3466 licet
819 3409 992 3467 cum
1070 3389 1446 3485 Scarpetta
1521 3389 1614 3465 de
1687 3389 2068 3465 Ordelaffis
2141 3390 2237 3467 de
2308 3391 2647 3488 Forlivi0,
2709 3394 2914 3490 Ugu-

571 3510 784 3585 cione
813 3499 884 3602 (⁴)
937 3510 1032 3585 de
1091 3510 1355 3586 Fazola
1423 3516 1497 3585 et
1558 3510 2070 3587 Lambertatiis
2137 3512 2481 3589 exulibus
2544 3513 2913 3605 Bononiae.

575 3630 1114 3728 Maghinardus,
1165 3632 1558 3707 contractis
1610 3632 1936 3726 undique
1985 3633 2465 3707 auxiliaribus
2516 3655 2688 3708 cum
2744 3637 2921 3710 sub-

568 3749 751 3824 sidio
803 3750 1128 3845 equestri
1178 3756 1254 3825 et
1301 3750 1619 3845 pedestri
1676 3750 1962 3846 Azouis,
2017 3752 2216 3827 venit
2274 3759 2530 3827 contra
2587 3753 2919 3849 Imolam,

571 3890 798 3964 quam
851 3876 1028 3944 tunc
1081 3870 1426 3945 tenebant
1475 3870 1983 3964 bononienseS,
2029 3891 2347 3947 numero
2398 3878 2719 3966 quatuor
2754 3876 2923 3949 mil-

567 3990 704 4065 lia:
759 3989 888 4083 qui
937 3990 1330 4065 exiverunt
1364 3989 1682 4084 obviam,
1719 3996 1803 4065 ut
1849 3990 2287 4086 impedirent
2339 3994 2723 4068 transitum
2779 3995 2921 4069 ssu-

572 4110 789 4183 minis
848 4110 1210 4204 Santerni,
1262 4111 1458 4205 quod
1526 4117 1702 4186 tunc
1761 4112 2219 4219 intumuerat
2277 4114 2511 4209 valde,
2562 4116 2751 4190 sicut
2808 4123 2921 4192 est

571 4229 664 4305 de
714 4250 930 4305 more
976 4230 1170 4305 illius
1221 4230 1442 4305 fluvii.
1497 4230 1639 4306 Sed
1689 4232 2207 4328 Maghinardus
2264 4233 2507 4309 audax
2569 4242 2645 4309 et
2693 4235 2919 4311 intre-

571 4349 782 4445 pidus
835 4371 1256 4447 compresso
1304 4352 1582 4448 impetu
1619 4373 1859 4446 aquae,
1895 4372 2070 4427 cum
2105 4353 2414 4428 fortibus
2462 4356 2694 4450 equiS,
2732 4357 2921 4433 sicut

572 4469 746 4544 olim
807 4472 1052 4547 Caesar
1115 4473 1190 4547 in
1251 4474 1562 4547 transitu
1619 4473 2036 4567 RubiconiS‚
2098 4474 2431 4548 transivit
2492 4475 2794 4573 flumen,
2846 4486 2921 4555 et

571 4592 1056 4669 bononienses
1107 4595 1468 4671 convertit
1517 4594 1591 4668 in
1645 4594 1922 4690 sugam,
1965 4602 2042 4669 et
2090 4594 2397 4670 Imolam
2449 4598 2661 4693 cepit,
2712 4607 2921 4695 capta

571 4736 842 4812 magna
890 4723 1100 4810 parte
1151 4715 1734 4791 bononiensium.
1771 4716 1878 4789 Ex
1931 4716 2166 4791 altera
2200 4722 2410 4811 parte
2446 4720 2777 4794 marchio
2810 4720 2921 4796 fa-

571 4836 808 4911 ciebat
871 4835 1296 4911 reaedificari
1375 4858 1610 4911 unum
1687 4836 2070 4947 castellum
2145 4837 2445 4913 nomine
2520 4839 2919 4936 Bazanum,

699 5022 752 5084 (¹)
784 5022 848 5071 E.
879 5029 1140 5073 externos.
1513 5022 1568 5085 (¹)
1599 5022 1662 5073 E.
1693 5022 1944 5073 Roberti:
1977 5036 2082 5086 quo
2117 5028 2353 5087 tempore
2384 5024 2557 5088 copit.

698 5098 752 5161 (²)
788 5104 895 5161 11⁷,
925 5100 1235 5165 indignatus.
1517 5099 1572 5164 (⁸)
1602 5100 1664 5151 E.
1697 5100 2007 5164 Uguiccione
2039 5101 2104 5150 de
2135 5101 2343 5153 Fazola.
