4392 6850
1459 959 1600 1028 360
2183 966 2591 1022 commun
2640 964 3089 1020 nuncnonn·

1457 1156 1558 1171 —
1583 1120 1762 1189 Non.
1815 1115 1946 1189 Hic
1997 1118 2211 1209 poeta
2262 1111 2767 1207 descripturus
2818 1109 3195 1184 duriorem
3256 1129 3551 1205 poenam
3614 1108 3799 1183 invi-

1457 1237 1724 1313 dorum
1770 1234 2148 1331 praemittit
2177 1232 2757 1328 compassionem
2792 1250 3053 1326 poenae,
3086 1230 3369 1307 dicens:
3404 1250 3549 1303 non
3588 1234 3799 1304 credo

1457 1360 1586 1455 che*
1628 1377 1762 1448 per
1840 1362 2040 1428 terra
2097 1355 2291 1427 vada
2349 1355 2583 1443 ancoi,
2610 1348 2613 1351 ’
2644 1352 2717 1425 in
2778 1352 3056 1426 mundo
3118 1358 3391 1445 nostro,
3478 1372 3689 1424 nomo
3735 1343 3803 1427 ..s-i

1461 1479 1674 1568 dum,
1725 1474 2002 1550 babens
2050 1491 2182 1548 cor
2234 1492 2543 1547 saxeum
2593 1471 2695 1547 ita
2762 1471 3209 1567 induratum,
3262 1472 3383 1545 che
3429 1492 3575 1545 non
3618 1474 3803 1565 fosse

1457 1604 1676 1691 punto
1721 1618 1854 1689 per
1902 1596 2345 1687 compassion
2385 1595 2461 1667 di
2495 1596 2655 1686 quel
2682 1594 2784 1665 σὴ*
2808 1595 2881 1665 io
2914 1595 3060 1667 m'di
3080 1596 3232 1685 poi,
3268 1592 3541 1667 scilicet
3593 1611 3801 1667 novae

1465 1736 1750 1813 poenae:
1805 1718 2217 1792 humanum
2270 1714 2465 1789 enim
2518 1720 2633 1787 est
2677 1712 2993 1807 compati
3052 1712 3507 1807 passionibus
3568 1712 3802 1785 homi·

1468 1858 1672 1930 num,
1709 1836 1908 1911 unde
1942 1834 2357 1911 humanitas
2390 1833 2610 1907 vincit
2640 1826 2715 1926 (1)
2748 1832 2969 1907 etiam
3022 1833 3245 1907 corda
3294 1832 3597 1907 efferata
3634 1832 3802 1907 bar-

1467 1958 1859 2050 barorum3
1913 1957 2011 2029 ita
2063 1956 2261 2050 quod
2309 1974 2505 2049 saepe
2544 1954 3093 2049 compatiuntur
3135 1953 3443 2027 miseriis
3475 1952 3800 2026 inimieo-

1472 2098 1664 2171 rum,
1727 2084 1804 2153 et
1864 2077 2245 2171 deplorant
2310 2081 2585 2149 mortoe
2644 2094 2935 2166 eorum,
2986 2080 3061 2147 et
3110 2075 3471 2149 honorant
3521 2074 3802 2165 funera,

1471 2196 1660 2272 sicut
1707 2217 1900 2292 saepe
1951 2195 2120 2271 fecit
2167 2193 2522 2270 Hannibal
2562 2194 3111 2269 crudelissimus
3144 2214 3322 2290 erga
3364 2196 3639 2269 multos
3670 2193 3805 2267 du·-

1470 2337 1594 2391 ces
1669 2336 2035 2409 romaum,
2102 2316 2469 2389 honorans
2534 2314 2881 2390 virtutem
2950 2334 3238 2407 eorum,
3305 2334 3529 2408 quam
3608 2314 3807 2410 prius

1473 2437 1931 2513 infestissime
1980 2437 2258 2529 oderat,
2296 2435 2483 2510 sicut
2534 2442 2731 2530 patet
2764 2436 2958 2531 apud
2992 2435 3298 2509 Livium.
3336 2436 3627 2524 Quanto
3662 2435 3808 2508 for·
3858 2520 3863 2528 ¹

1475 2558 1620 2632 tius
1669 2578 1850 2655 ergo
1904 2557 2187 2633 romani
2244 2558 2674 2632 naturaliter
2713 2557 3112 2631 clementes
3165 2558 3273 2631 usi
3326 2564 3496 2631 sunt
3546 2559 3810 2632 buma-

1479 2675 1668 2752 niter
1701 2676 2134 2752 clementia?
2168 2682 2245 2751 et
2280 2677 2509 2772 tangit
2542 2676 2717 2771 quid
2752 2675 3033 2770 viderit,
3061 2676 3345 2752 dicens:
3378 2673 3503 2751 che*
3530 2680 3810 2769 quando

1471 2800 1580 2891 sui
1635 2789 1698 2871 εὶ
1751 2818 1998 2889 presso
2047 2800 2122 2871 di
2171 2801 2285 2871 lor
2333 2798 2597 2889 giumo,
2648 2800 2770 2871 che
2828 2799 2931 2889 qli
2986 2800 3113 2871 acti
3172 2800 3312 2888 lor,
3364 2797 3811 2873 miserabiles

1479 2916 1773 2993 illorum
1826 2917 2267 3012 invidorum,
2333 2939 2382 2990 a
2430 2938 2539 2991 me
2584 2920 2869 2991 vem'eno
2916 2920 3109 3008 certi,
3162 2917 3368 3011 idest,
3419 2918 3615 3011 quod
3666 2939 3811 2992 non

1481 3038 1931 3131 dubitabam,
1982 3039 2172 3113 sicut
2220 3038 2515 3133 quando
2566 3058 2769 3113 eram
2846 3058 2891 3112 a
2955 3039 3197 3135 longe,
3252 3060 3385 3131 per
3439 3041 3541 3130 qli
3599 3041 3815 3130 occ-lii,

1481 3160 1658 3253 quia
1707 3159 2042 3235 videbam
2096 3160 2481 3234 oculanter
2510 3151 2585 3251 (²)
2647 3159 2741 3233 de
2814 3179 3065 3255 prope,
3124 3162 3235 3253 fui
3289 3167 3551 3251 munio,
3612 3159 3815 3251 idest,

1483 3288 1818 3376 punctuS,
1851 3283 1930 3353 di
1957 3302 2182 3371 ,qrave
2213 3283 2445 3371 dolor,
2481 3301 2574 3354 ex
2610 3280 3113 3375 compassione
3151 3280 3395 3376 gravis
3441 3300 3703 3375 poenae.
3724 3322 3818 3335 -

1483 3407 1579 3478 Di
1629 3404 1740 3476 vil.
1793 3402 1922 3476 Hic
1974 3408 2187 3496 poeta
2240 3400 2581 3476 describit
2630 3401 2857 3496 ipsam
2915 3421 3232 3497 poenam,
3284 3402 3564 3478 dicens:
3601 3406 3699 3476 Di
3732 3404 3825 3476 vil

1481 3526 1703 3596 cilicio
1754 3525 1851 3594 mi
1887 3543 2173 3614 parean
2223 3525 2508 3614 coperti,
2566 3521 2753 3596 sicut
2798 3523 2971 3596 olim
3017 3523 3245 3597 sancti
3296 3523 3551 3597 Patres
3599 3521 3820 3597 facie—

1484 3643 1662 3717 bant
1711 3642 2180 3717 humiliantes
2242 3663 2323 3718 se
2387 3643 2459 3714 in
2528 3649 2921 3737 conspectu
2984 3643 3293 3736 Domini,
3352 3643 3821 3739 implorantes

1489 3761 2060 3838 misericordiam
2097 3770 2176 3836 et
2210 3763 2523 3856 veniam,
2552 3762 2846 3855 quando
2879 3769 3384 3857 peccaverant,
3412 3763 3598 3838 sicut
3628 3785 3820 3839 nunc

1491 3885 1600 3958 isti
1651 3883 1903 3976 invidi3
1957 3905 1994 3956 e
2043 3885 2088 3957 1’
2103 3905 2196 3957 un
2247 3887 2539 3976 sofferia
2588 3887 2633 3957 Γ
2649 3886 2836 3958 altro
2874 3905 3007 3956 con
3058 3887 3131 3957 la
3178 3887 3435 3977 spallo,
3486 3906 3576 3959 ex
3632 3873 3822 3960 cari-

1487 4011 1662 4097 tate,
1711 4026 1750 4076 e
1797 4007 1946 4077 tutti
1989 4006 2175 4077 della
2226 4006 2415 4096 ripa,
2452 4002 2748 4096 scilicet,
2783 4024 3010 4098 prope
3046 4010 3399 4098 montem,
3446 4025 3627 4078 eran
3677 4009 3823 4100 sos-

1483 4127 1672 4219 serti,
1724 4124 1898 4217 quia
1948 4124 2554 4200 sustentabantur
2602 4143 2648 4196 a
2700 4123 2994 4197 virtute.
3046 4125 3135 4197 Et
3182 4123 3545 4220 specificat
3606 4125 3824 4201 mise-

1493 4243 1796 4318 rabilem
1857 4249 2104 4317 actum
2173 4241 2591 4316 invidorum
2666 4263 2797 4338 per
2860 4243 3480 4339 comparationem
3548 4247 3823 4320 claram

1491 4381 1885 4455 caecorum,
1919 4361 2213 4437 dicens:
2260 4355 2403 4435 cosi
2436 4366 2488 4436 li
2528 4365 2760 4456 oieclti,
2806 4384 2855 4435 a
2904 4368 3015 4437 cui
3061 4367 3135 4437 la
3182 4365 3364 4437 roba
3398 4367 3605 4459 salla,
3648 4365 3827 4440 idest

1495 4483 1754 4576 deficit,
1809 4483 1980 4576 quia
2032 4489 2202 4556 suut
2246 4503 2637 4578 paupereS,
2694 4503 2835 4559 uec
2896 4491 3199 4580 possunt
3259 4486 3473 4560 aliter
3532 4485 3825 4580 lucrari,

1495 4611 1748 4678 stanno
1799 4607 1874 4677 ai
1916 4607 2242 4696 parrioni,
2277 4605 2472 4698 apud
2524 4605 2885 4701 eeclesias,
2940 4627 2990 4680 α
3034 4608 3307 4680 cavader
3346 4609 3461 4680 lor
3509 4605 3827 4698 bisoyna,

1497 4724 1788 4818 scilicet,
1841 4724 2387 4817 eleemosinam,
2456 4747 2495 4798 e
2543 4728 2589 4798 Γ
2614 4747 2755 4798 uno
2805 4729 2862 4799 il
2906 4747 3083 4818 capo
3132 4747 3354 4819 sopra
3403 4729 3655 4800 Paltro
3702 4749 3827 4800 av-

1501 4847 1714 4935 valla,
1764 4843 1947 4918 idest
1997 4844 2312 4939 inclinat,
2366 4846 2482 4920 vel
2513 4837 2587 4939 (³)
2641 4846 2734 4922 de
2783 4847 3135 4921 industria
3176 4847 3279 4921 sic
3326 4848 3621 4942 faciunt,
3661 4869 3830 4942 per-

1625 5103 1681 5168 (')
1715 5103 1773 5154 E.
1809 5103 1948 5154 vicit.
2197 5106 2251 5168 (²)
2285 5107 2345 5157 E.
2377 5106 2675 5158 oculariter.
2926 5107 2979 5170 (')
3012 5107 3073 5159 E.
3107 5113 3161 5159 et
3192 5109 3257 5159 de
3288 5109 3557 5160 industria.
