4392 6850
1240 908 1518 965 murus
1568 910 1885 967 memus
1934 911 2279 965 oca-Avus,
2790 898 2930 967 479

592 1053 841 1151 logiae3
894 1060 968 1129 et
1018 1052 1365 1127 continuo
1399 1054 1672 1150 glossat
1720 1055 1897 1149 quid
1947 1055 2298 1151 intelligat
2349 1076 2481 1151 per
2523 1056 2934 1133 Beatricem

592 1174 665 1249 in
714 1180 866 1247 toto
917 1192 1142 1269 opere
1190 1192 1363 1265 suo;
1420 1174 1613 1248 unde
1661 1174 1869 1249 dicit:
1924 1169 2093 1251 ch’e'
2127 1196 2313 1269 opra
2346 1178 2422 1251 di
2451 1179 2653 1271 fede;
2705 1184 2782 1253 et
2833 1177 2938 1252 sic
3049 1256 3072 1273 ,

592 1315 734 1369 non
786 1293 1078 1369 videtur
1126 1293 1427 1369 scientia
1478 1315 1653 1369 cum
1684 1296 1877 1371 scire
1926 1298 2019 1370 sit
2068 1316 2230 1371 rem
2283 1318 2415 1393 per
2467 1318 2768 1373 causam
2803 1318 2936 1373 co·-

592 1434 981 1511 gnoscere3
1020 1412 1147 1489 sed
1182 1420 1388 1489 certe
1422 1422 1534 1491 est
1582 1415 1881 1491 scientia
1915 1416 2432 1512 perfectissima
2473 1420 2644 1513 quia
2693 1420 2936 1495 infusa

592 1555 637 1609 a
687 1534 923 1630 prima
973 1550 1221 1629 causa,
1260 1555 1405 1608 non
1450 1534 1745 1610 inventa
1780 1537 1874 1609 ab
1910 1536 2203 1633 ingenio
2235 1539 2702 1613 humano.-—-—
2727 1542 2932 1631 Omu'.

591 1653 719 1729 Hic
772 1652 1113 1751 Virgilius
1162 1653 1408 1750 incipit
1466 1655 1756 1731 solvere
1812 1656 2149 1751 dubium,
2198 1664 2272 1731 et
2323 1658 2562 1754 primo
2621 1661 2932 1735 assumit

593 1796 825 1849 unum
876 1775 1227 1871 generale
1274 1774 1709 1870 principium
1766 1778 2261 1851 necessarium
2321 1777 2416 1853 ad
2473 1802 2694 1854 suum
2758 1801 2934 1877 pro-

590 1894 928 1990 positum.
983 1896 1073 1969 Et
1122 1895 1217 1971 ad
1266 1894 1489 1971 huius
1538 1896 1745 1970 fortis
1782 1896 2011 1971 literae
2055 1897 2602 1995 intelligentiam
2641 1908 2934 1997 oportet

590 2016 825 2111 primo
876 2016 1089 2111 scire,
1142 2015 1340 2109 quod
1392 2016 1638 2091 anima
1696 2018 2107 2113 vegetativa
2161 2026 2238 2093 et
2287 2021 2630 2097 sensitiva
2681 2022 2934 2097 educi-

591 2142 713 2209 tur
753 2136 844 2210 de
879 2138 1199 2232 potentia
1252 2136 1603 2231 materiae,
1646 2143 1723 2211 et
1762 2138 1984 2211 simul
2019 2138 2258 2213 oritur
2299 2147 2372 2215 et
2409 2142 2722 2216 moritur
2756 2163 2926 2217 cum

590 2255 732 2351 illa,
766 2258 957 2331 sicut
994 2264 1193 2352 patet
1242 2258 1317 2331 in
1369 2258 1629 2354 plantis
1681 2266 1755 2333 et
1804 2258 2038 2333 brutis
2053 2284 2073 2354 3
2116 2260 2244 2335 sed
2279 2261 2522 2336 anima
2561 2262 2934 2337 rationalis

592 2398 737 2452 non
786 2378 1125 2453 educitur
1174 2377 1269 2453 de
1320 2378 1642 2473 potentia
1695 2380 2047 2473 materiae,
2090 2400 2227 2454 nec
2267 2381 2504 2455 oritur
2555 2402 2729 2455 cum
2765 2403 2934 2457 cor-

592 2518 793 2594 pore,
848 2498 973 2572 sed
1026 2497 1429 2573 infunditur
1476 2518 1525 2573 a
1557 2499 1713 2573 Deo
1752 2505 1829 2574 et
1860 2499 2079 2575 datur
2113 2519 2248 2593 pro
2282 2499 2542 2575 forma.
2581 2501 2792 2605 Modo
2839 2503 2934 2578 ad

592 2620 1043 2715 propositum
1097 2626 1311 2714 poeta
1363 2619 1519 2692 vult
1566 2618 1813 2694 dicere
1860 2620 2386 2695 sententialiter
2443 2621 2644 2715 quod
2694 2622 2932 2697 omnis

590 2740 833 2815 anima
886 2740 1256 2815 rationalis
1309 2739 1531 2815 habet
1580 2760 1793 2814 suam
1847 2747 2126 2815 certam
2162 2741 2538 2835 virtutem,
2573 2764 2742 2837 quae
2782 2766 2930 2820 non

591 2866 825 2955 potest
875 2859 1216 2957 cognosci
1274 2860 1407 2935 nisi
1458 2860 1906 2955 producatur
1957 2861 2283 2936 exterius
2317 2861 2390 2936 in
2430 2870 2716 2938 actum:
2765 2865 2932 2941 ideo

588 2980 647 3053 si
698 2980 997 3055 scientia
1052 2980 1403 3055 naturalis
1454 2979 1649 3054 videt
1696 2979 2019 3055 animam
2080 2981 2357 3056 habere
2411 2982 2928 3078 complacibili-

588 3106 811 3175 tatem
892 3100 965 3173 in
1041 3099 1259 3193 bono,
1298 3099 1583 3193 judicat
1654 3119 1821 3173 eam
1889 3100 2185 3195 bonam,
2248 3108 2321 3177 et
2377 3102 2436 3175 si
2497 3103 2690 3178 videt
2751 3124 2933 3179 con-

593 3220 930 3312 trarium,
989 3219 1272 3315 judicat
1339 3218 1843 3293 contrarium:
1914 3236 2112 3294 nunc
2175 3222 2441 3314 poterit
2491 3242 2652 3297 esse
2719 3224 2930 3299 litera

591 3339 814 3413 clara.
867 3339 1057 3413 Dicit
1105 3359 1287 3436 ergo
1337 3336 1716 3436 Virgilius:
1780 3342 1964 3431 ogni
1987 3344 2232 3435 forma
2269 3345 2682 3438 sustanzial,
2723 3342 2930 3440 idest,

590 3460 827 3534 omnis
876 3459 1123 3534 anima
1184 3461 1531 3554 humana,
1582 3462 1684 3532 αι’
1710 3455 1751 3533 ε’
1804 3466 2006 3552 setta,
2056 3459 2242 3535 idest
2299 3461 2552 3558 divisa,
2613 3467 2711 3538 da
2773 3485 2934 3538 ma·-

590 3582 790 3672 tenia,
834 3580 1038 3675 idest,
1080 3601 1249 3674 quae
1280 3578 1788 3655 consideratur
1828 3579 2193 3655 abstracta
2227 3602 2276 3656 a
2310 3584 2656 3678 materia3
2691 3587 2932 3660 omnis

590 3698 785 3774 enim
846 3699 1081 3776 forma
1134 3699 1295 3776 talis
1347 3707 1459 3776 est
1508 3699 1817 3794 simplex
1886 3705 1961 3774 et
2024 3699 2181 3776 sine
2245 3703 2593 3798 materia3
2646 3705 2764 3780 vel
2815 3727 2934 3780 se·

592 3819 915 3894 cundum
968 3821 1187 3894 aliam
1240 3819 1554 3914 literam,
1602 3830 1669 3893 ec
1728 3810 1779 3892 ἀ
1839 3827 2139 3912 matera,
2191 3817 2484 3917 scilicet,
2537 3845 2668 3918 per
2717 3845 2822 3920 se,
2871 3835 2939 3902 et

593 3935 633 4012 e*
658 3961 792 4014 con
824 3943 913 4015 lei
951 3944 1173 4032 unita,
1206 3941 1411 4035 idest,
1452 3940 1839 4016 coniuncta
1875 3941 2189 4036 corpori,
2223 3945 2317 4014 ha
2358 3939 2553 4018 vertit
2583 3948 2930 4039 specifica,

594 4059 796 4156 idest,
848 4061 1069 4136 habet
1121 4081 1345 4136 unam
1400 4061 1921 4157 proprietatem
1957 4082 2105 4156 qua
2140 4061 2383 4137 differt
2413 4065 2508 4138 ab
2543 4065 2700 4139 aliis
2734 4067 2933 4142 eius-

594 4179 759 4254 dem
812 4180 1099 4276 speciei,
1137 4180 1429 4274 scilicet,
1466 4180 1819 4257 rationem
1866 4183 1983 4256 vel
2026 4181 2500 4279 intellectum,
2542 4189 2810 4260 ooleetta
2858 4191 2932 4262 in

592 4321 691 4392 se,
742 4300 1032 4395 scilicet,
1084 4300 1275 4374 intra
1326 4299 1556 4396 ipsam
1608 4301 1955 4396 animam,
1992 4303 2067 4374 la
2116 4307 2308 4394 qual,
2344 4304 2638 4398 scilicet,
2673 4306 2934 4403 virtuS,

594 4419 799 4514 idest,
850 4420 1063 4514 ratio,
1110 4439 1258 4492 non
1320 4413 1363 4494 e*
1416 4424 1691 4513 semita,
1744 4420 1949 4516 idest,
2000 4422 2313 4518 cognita,
2363 4445 2580 4496 senza
2637 4447 2934 4521 operar,

596 4544 807 4614 extra
857 4539 930 4612 in
985 4541 1245 4634 rebus;
1300 4539 1497 4615 unde
1545 4540 1753 4616 dicit:
1804 4537 1897 4615 ηέ
1940 4545 2005 4614 si
2050 4544 2418 4635 dimostra,
2471 4565 2591 4617 ma
2637 4549 2760 4620 che
2799 4569 2942 4641 per

596 4665 845 4752 offano,
897 4660 1100 4756 idest,
1154 4683 1305 4736 non
1351 4669 1655 4757 apparet
1705 4661 1841 4736 nisi
1874 4662 2362 4759 solummodo,
2397 4665 2692 4760 quando
2738 4669 2942 4747 vide·

598 4788 721 4855 tur
768 4781 1073 4856 effectus
1124 4781 1600 4876 extrinsecus,
1654 4781 1843 4857 sicut
1898 4804 1945 4857 a
2002 4783 2216 4858 simili
2248 4778 2322 4877 (⁸)
2377 4785 2451 4859 in
2498 4788 2746 4864 anima
2795 4790 2940 4865 im-

719 5044 773 5106 (¹)
808 5047 914 5105 11⁷,
948 5045 1003 5094 fin
1034 5047 1191 5098 sinui
1216 5059 1343 5098 cm
1376 5047 1560 5099 tm.
