4392 6850
1430 933 1522 998 40
2151 938 2559 994 COMENTUM
2610 939 3049 993 PURG'ATORu

1427 1083 1842 1164 suasion‘bm
1895 1083 2172 1180 Virgilii
2221 1083 2501 1157 dederit
2554 1083 2657 1156 eis
2709 1104 3033 1177 passum,
3066 1090 3141 1158 et
3191 1083 3529 1177 quaedam
3582 1104 3774 1179 prae-

1425 1215 1634 1304 cepta
1661 1205 2040 1280 servanda.
2072 1205 2158 1277 Et
2183 1203 2424 1299 primo
2449 1203 2762 1278 ostendit
2790 1205 3161 1298 quomodo
3181 1204 3356 1279 Cato
3385 1205 3773 1299 respondet

1424 1329 1763 1404 secundae
1789 1326 1982 1421 parti
2021 1325 2405 1420 petitionis,
2437 1326 2557 1398 ubi
2600 1325 2940 1421 Virgilius
2978 1325 3463 1420 requisiverat
3496 1347 3672 1401 eum
3700 1319 3770 1419 (¹)

1423 1471 1555 1546 per
1593 1440 1930 1522 amorem
1967 1445 2274 1539 Martiae3
2312 1451 2387 1520 et
2426 1445 2595 1520 dicit
2644 1445 2967 1519 breviter
3008 1445 3206 1540 quod
3249 1448 3603 1540 quamdiu
3640 1446 3776 1520 fuit

1424 1590 1702 1661 secum,
1759 1566 1930 1640 nihil
1981 1565 2113 1638 sibi
2165 1575 2459 1662 gratum
2512 1566 2919 1661 denegavit.
2967 1565 3237 1640 Ordina
3283 1567 3384 1640 sic
3440 1567 3770 1640 literam:

1424 1693 1590 1764 diss'
1614 1691 1728 1762 elli
1785 1689 2046 1776 (αῖον-α,
2105 1685 2379 1760 scilicet
2448 1685 2567 1761 ille
2622 1687 2848 1761 Cato:
2902 1689 3191 1760 Marzia
3228 1690 3529 1780 piaeque
3582 1693 3771 1760 lanto

1276 1820 1287 1830 ’
1425 1814 1573 1902 ayli
1634 1811 1825 1880 ocem·
1884 1811 2065 1898 miei,
2116 1828 2289 1881 cum
2344 1807 2496 1880 suis
2544 1807 2773 1880 oculis
2826 1808 3063 1902 castis,
3118 1817 3378 1882 mentre
3426 1812 3625 1881 clz’io
3667 1811 3775 1903 sui

1427 1935 1501 2006 di
1539 1953 1706 2023 qua,
1736 1929 1942 2022 idest,
1969 1928 2321 2023 quamdiu
2360 1928 2460 2000 fui
2498 1928 2570 2000 in
2608 1929 2727 2001 illo
2770 1929 2994 2002 limbo
3042 1929 3230 2003 inter
3282 1929 3619 2022 illustreS,
3656 1931 3775 2002 che

1429 2057 1684 2144 quante
1704 2053 1956 2141 yrazie
1990 2051 2166 2122 volle
2200 2051 2297 2122 da
2339 2069 2447 2121 me
2479 2051 2601 2143 sei,
2638 2048 2763 2123 sed
2801 2056 3049 2142 postea
3086 2069 3535 2142 numquam3
3581 2049 3775 2124 unde

1428 2173 1643 2247 dicit:
1697 2191 1784 2242 or
1835 2190 2077 2242 movet·
2125 2189 2272 2240 non
2324 2171 2419 2240 mi
2460 2161 2603 2262 ριιὸ
2644 2165 2796 2262 piei,
2848 2169 3052 2263 idest,
3098 2190 3293 2244 nunc
3342 2192 3488 2244 non
3539 2177 3775 2265 potest

1427 2292 1740 2388 amplius
1791 2291 2086 2364 flectere
2139 2311 2261 2364 me
2312 2290 2673 2385 precibuS,
2714 2294 2843 2382 poi
2899 2293 3017 2363 che
3078 2293 3360 2364 dimora
3408 2293 3485 2364 di
3534 2281 3605 2364 Ιὰ
3654 2293 3781 2364 dal

1429 2416 1579 2486 mal
1617 2415 1853 2504 fiume,
1891 2409 2091 2504 idest,
2136 2409 2209 2481 in
2253 2409 2536 2484 inferno
2572 2431 2702 2505 per
2740 2429 2963 2504 quem
3003 2417 3241 2485 totum
3280 2411 3547 2484 labitur
3584 2411 3774 2485 mala

1427 2553 1623 2628 aqua
1649 2531 2102 2619 Acherontis»,
2138 2551 2307 2623 quae
2344 2536 2581 2603 mutat
2616 2550 2884 2604 nomen
2925 2531 2997 2604 in
3030 2531 3333 2605 diversis
3367 2531 3565 2626 lociS,
3611 2531 3779 2606 licet

1431 2653 1524 2726 sit
1577 2658 1859 2724 tantum
1917 2671 2064 2723 una
2115 2671 2347 2742 aqua:
2400 2670 2541 2745 ego
2592 2670 2773 2724 vero
2806 2658 2919 2724 sto
2952 2652 3135 2725 citra
3170 2672 3441 2745 aquam
3479 2658 3775 2725 contra-

1432 2773 1618 2846 riam
1675 2771 1770 2844 illi
1823 2792 1991 2865 quae
2045 2777 2154 2844 est
2205 2771 2677 2864 innominata,
2714 2779 2787 2846 et
2827 2773 3147 2868 assignat
3185 2793 3487 2846 causam
3541 2793 3773 2866 quare

1433 2913 1579 2966 non
1629 2891 1851 2987 possit
1911 2891 2194 2965 moveri
2246 2891 2537 2965 dicens:
2582 2914 2717 2984 per
2766 2895 2993 2984 quella
3042 2895 3236 2984 leyye
3296 2896 3416 2966 elne
3466 2897 3649 2986 satta
3692 2897 3775 2987 su

1429 3015 1712 3106 quando
1762 3033 1868 3084 me
1918 3015 1987 3082 η’·
2014 3015 2178 3084 usci’
2220 3015 2459 3104 [μονα.
2524 3013 2609 3084 Et
2661 3013 2775 3086 hic
2826 3020 2996 3088 nota
3049 3014 3243 3108 quod
3307 3022 3521 3107 poeta
3570 3015 3775 3111 fingit

1429 3133 1626 3228 quod
1679 3133 1856 3206 Cato
1908 3131 2129 3205 fuerit
2176 3132 2587 3205 abstractus
2645 3133 2739 3207 de
2808 3133 3032 3208 limbo
3084 3155 3213 3229 per
3264 3135 3658 3229 Christum,
3698 3142 3773 3207 et

1433 3254 1827 3327 translatus
1876 3251 1969 3325 ad
2021 3251 2425 3326 custodiam
2480 3252 2701 3326 huius
2750 3255 3196 3350 purgatorii3
3250 3262 3321 3329 et
3372 3260 3548 3329 tunc
3586 3255 3769 3329 facta

1429 3381 1542 3450 est
1593 3394 1780 3447 nova
1829 3373 1972 3465 lex,
2015 3372 2211 3467 quod
2264 3373 2719 3469 quicumque
2759 3374 3061 3450 intraret
3114 3375 3509 3469 infernum,
3554 3396 3773 3449 num-

1430 3517 1657 3591 quam
1694 3502 1946 3591 postea
1983 3494 2241 3588 exiret,
2285 3516 2453 3588 quae
2494 3496 2608 3570 lex
2649 3516 2796 3568 non
2831 3496 3033 3590 prius
3068 3506 3250 3592 erat,
3286 3498 3457 3592 quia
3496 3498 3775 3591 antiqui

1428 3624 1674 3713 patres
1709 3622 2186 3711 speraverant
2220 3616 2339 3689 diu
2380 3617 2697 3691 evadere
2731 3638 2775 3689 a
2802 3616 3101 3693 carc'ere
3138 3618 3296 3713 illo;
3334 3620 3496 3693 ideo
3531 3620 3773 3693 anima

1285 3784 1292 3791 -
1429 3737 1772 3812 damnata
1830 3758 1971 3809 non
2025 3743 2263 3830 potest
2311 3736 2624 3831 amplius
2676 3757 2981 3812 movere
3020 3737 3339 3812 animam
3396 3739 3769 3812 salvatam.

1429 3858 1563 3932 Alii
1615 3864 1866 3931 tamen
1915 3863 2295 3951 exponunt
2345 3857 2541 3951 quod
2594 3858 2773 3931 Cato
2822 3858 2897 3930 in
2945 3858 3094 3931 vita
3156 3858 3403 3932 omnia
3468 3858 3771 3933 faciebat

1429 3999 1688 4053 amore
1739 3979 2027 4052 virtutis
2078 3983 2152 4051 et
2214 3978 2654 4071 honestatis3
2718 3977 2844 4053 sed
2910 4000 3107 4053 nunc
3156 3980 3523 4075 cognoscit
3574 3980 3771 4074 quod

1429 4098 1726 4173 felicitas
1781 4120 1924 4173 non
1974 4097 2297 4171 consistit
2355 4098 2427 4170 in
2492 4098 2765 4172 virtute
2823 4099 2939 4173 vel
3004 4099 3400 4193 honestate,
3468 4101 3635 4175 licet
3684 4100 3773 4175 sit

1429 4221 1545 4294 via
1596 4221 1689 4295 ad
1740 4220 2177 4295 felicitatem.
2233 4219 2363 4292 Alii
2398 4220 2651 4292 dicunt
2686 4220 2881 4312 quod
2928 4240 3118 4293 nova
3155 4220 3270 4295 lex
3310 4220 3497 4295 facta
3531 4228 3641 4295 est
3670 4212 3769 4315 (²),

1427 4340 1699 4415 scilicet
1763 4340 2206 4437 evangelica,
2281 4360 2449 4434 quae
2522 4340 2681 4412 vult
2744 4339 2941 4433 quod
3008 4348 3246 4414 morte
3320 4341 3411 4413 sit
3484 4341 3767 4414 finitum

1431 4461 2009 4555 matrimonium,
2062 4460 2159 4533 ita
2214 4460 2413 4553 quod
2464 4460 2520 4533 si
2574 4460 2749 4534 Cato
2803 4466 3231 4556 resurgeret
3274 4462 3484 4535 hodie
3536 4469 3773 4557 posset

1429 4582 1703 4655 ducere
1752 4581 1969 4654 aliam
2027 4600 2369 4671 uxorem,
2420 4580 2749 4653 similiter
2800 4580 3050 4654 Martia
3102 4580 3329 4654 alium
3384 4582 3650 4655 virum.
3690 4583 3775 4655 Et

1427 4703 1902 4778 sic-dicentes
1953 4709 2329 4797 exponunt
2380 4701 2579 4775 illam
2608 4701 2919 4795 literam,
2956 4710 3217 4775 mentre
3264 4706 3385 4775 elce
3434 4707 3639 4797 su'di
3671 4694 3773 4794 ἰὰ,

1429 4823 1700 4899 scilicet
1752 4824 1823 4895 in
1860 4823 2136 4896 mundo
2170 4822 2423 4896 vivens
2458 4842 2629 4896 cum
2668 4842 2780 4915 ea,
2819 4832 2893 4899 et
2928 4829 3102 4897 tunc
3138 4824 3272 4898 feci
3308 4824 3439 4900 sibi
3475 4846 3769 4901 omnem

1552 5076 1607 5138 (¹)
1643 5082 1749 5138 11⁷,
1783 5076 1952 5128 illum.
2326 5078 2382 5140 (³)
2416 5078 2477 5128 E.
2508 5082 2588 5129 est
2616 5078 2929 5142 evangelica,
2962 5093 3081 5142 quae
3114 5080 3244 5129 vult.
