4392 6850
1493 997 1770 1052 CAN'rus
1819 999 2102 1052 ramus„
2882 983 2973 1049 43

622 1164 810 1238 quos
859 1145 1394 1219 mundaverat:
1439 1147 1564 1234 Ite,
1607 1147 1938 1218 ostendite
1977 1164 2103 1218 vos
2140 1145 2634 1217 sacerdotibus.
2666 1183 2766 1196 —-
2798 1147 2980 1232 Que-

621 1271 754 1337 sto.
806 1264 937 1338 Hic
989 1264 1190 1358 Cato,
1251 1263 1423 1358 quia
1485 1263 1970 1338 mandaverat
2019 1285 2300 1338 novum
2353 1270 2645 1358 poetam
2700 1263 2979 1358 recingi

615 1383 870 1479 junco,
907 1384 1120 1460 docet
1165 1383 1292 1457 uhi
1327 1383 1797 1458 inveniantur
1819 1384 2051 1480 junci,
2088 1390 2162 1458 et
2196 1383 2537 1459 describit
2570 1384 2813 1457 locum
2853 1382 2978 1457 ubi

625 1504 1046 1598 abundant,
1097 1504 1224 1578 sed
1288 1504 1381 1577 ad
1441 1504 1986 1600 intelligentiam
2043 1505 2263 1578 huius
2327 1505 2557 1578 literae
2614 1511 2726 1577 est
2786 1525 2979 1599 prae-

623 1623 1027 1717 sciendum,
1081 1623 1278 1718 quod
1329 1631 1544 1720 poeta
1597 1631 1845 1699 noster
1897 1624 2102 1720 tingit
2165 1622 2362 1718 quod
2423 1625 2497 1697 in
2567 1624 2687 1698 illo
2740 1623 2977 1698 hemi-

621 1743 863 1839 sperio
915 1745 1238 1819 inferiori
1287 1765 1380 1820 ex
1432 1746 1760 1841 opposito
1809 1745 2072 1820 inferni
2125 1752 2235 1820 est
2289 1767 2437 1820 una
2490 1766 2717 1840 parva
2758 1746 2972 1841 plana

621 1865 860 1941 insula
925 1865 1324 1961 circulariS,
1393 1867 1468 1940 in
1537 1867 1748 1940 cuius
1815 1866 2056 1940 medio
2106 1873 2217 1940 est
2268 1887 2463 1939 unus
2524 1887 2734 1940 mons
2784 1867 2979 1940 altis-

627 1985 860 2060 simus
915 2008 1150 2080 usque
1200 1988 1289 2061 ad
1343 1988 1642 2080 coelum,
1696 1988 1822 2081 qui
1873 1987 2070 2062 circa
2123 1987 2449 2060 medium
2496 1994 2606 2060 est
2643 1995 2980 2062 muratus

627 2111 703 2180 et
730 2105 962 2180 sactus
985 2107 1078 2181 ad
1105 2107 1378 2202 gradus
1403 2107 1863 2182 circulariter
1889 2131 1908 2200 3
1945 2113 2021 2181 et
2053 2107 2241 2181 sicut
2276 2107 2636 2204 gradatim
2674 2107 2981 2182 descen-

623 2225 823 2299 ditur
874 2225 965 2300 ad
1016 2232 1349 2300 centrum
1399 2226 1684 2321 inserui,
1729 2227 1826 2302 ita
1861 2227 2221 2323 gradatim
2266 2227 2688 2300 ascenditur
2720 2227 2813 2301 ad
2847 2248 2975 2302 ca-

622 2365 893 2420 cumen
947 2346 1150 2420 istius
1200 2347 1468 2422 montis
1519 2347 1846 2444 contigui
1873 2348 2133 2434 ‚coeloz
2188 2347 2377 2422 sicut
2415 2347 2473 2420 si
2511 2348 2673 2442 quis
2723 2348 2977 2424 volens

621 2468 1022 2542 ascendere
1082 2488 1384 2543 arenam
1441 2469 1753 2544 Veronae
1829 2469 2116 2563 incipiat
2183 2490 2227 2542 a
2298 2469 2520 2543 fundo
2588 2475 2661 2543 et
2729 2469 2979 2544 tendat

622 2587 716 2662 ad
767 2589 1034 2661 altum:
1090 2589 1216 2663 sed
1268 2590 1339 2662 in
1392 2609 1618 2664 arena
1672 2589 1821 2663 itur
1870 2589 1966 2663 ab
2019 2589 2232 2683 intra,
2288 2590 2404 2663 hic
2455 2611 2633 2664 vero
2686 2590 2835 2663 itur
2884 2589 2979 2662 ab

623 2713 832 2782 extra
883 2707 957 2782 in
1008 2709 1316 2782 circuitu
1374 2709 1640 2783 montis
1683 2729 1816 2805 per
1853 2731 2077 2782 unam
2117 2709 2313 2783 viam
2354 2709 2701 2803 excisam,
2746 2731 2971 2804 quam

627 2833 841 2921 poeta
892 2827 1262 2903 cornicem
1300 2834 1534 2923 vocat,
1577 2835 1661 2903 ut
1711 2850 1904 2924 saepe
1939 2829 2210 2924 patebit
2254 2830 2323 2902 in
2359 2850 2729 2925 processu.
2766 2829 2976 2904 Nunc

627 2946 719 3020 ad
753 2947 1064 3021 literam.
1108 2948 1290 3022 Dicit
1325 2949 1549 3024 Cato:
1593 2957 1830 3042 questa
1863 2953 2156 3040 isolecea,
2192 2950 2713 3025 circumcincta
2754 2950 2963 3044 mari,

626 3089 849 3162 quam
906 3073 1119 3162 poeta
1171 3069 1462 3144 vocavit
1511 3090 1816 3164 parvam
1882 3091 2172 3165 speram
2242 3071 2437 3145 finali
2487 3071 2806 3166 capitulo
2858 3071 2976 3144 ln·-

627 3187 837 3282 ferni,
879 3196 1098 3280 porta
1148 3191 1254 3263 de'
1278 3193 1558 3280 aiunt-hi
1603 3212 1822 3282 sopra
1865 3194 1917 3265 ’l
1947 3194 2150 3265 molle
2183 3194 2373 3283 limo,
2411 3191 2594 3267 idest
2646 3189 2971 3283 humid0,

623 3314 700 3383 et
741 3309 998 3382 humili
1051 3311 1232 3403 solo,
1287 3306 1526 3402 [ayma
1560 3302 1742 3402 colei,
1778 3311 2050 3386 scilicet
2085 3311 2156 3385 in
2193 3310 2352 3385 loco
2413 3310 2626 3384 basso
2666 3302 2737 3401 (¹)
2776 3309 2969 3384 circa

623 3432 1192 3526 extremitatem,
1242 3435 1419 3505 dove
1468 3435 1540 3505 ta
1609 3434 1786 3506 batte
1849 3436 2137 3524 l’onda,
2202 3432 2405 3525 idest,
2473 3431 2598 3506 ubi
2664 3452 2860 3525 aqua
2897 3421 2973 3524 (²)

625 3550 849 3623 maris
901 3551 1299 3646 repercutit
1350 3552 1580 3647 ipsam
1632 3554 2002 3647 continuo,
2054 3556 2365 3643 intorno,
2402 3552 2607 3644 idest,
2644 3534 2966 3626 circumss

623 3670 815 3745 circa
868 3670 1104 3779 litora,
1153 3674 1256 3743 ad
1300 3674 1442 3744 imo
1493 3676 1594 3745 ad
1638 3676 1806 3763 ϋηο,
1859 3672 2029 3765 quia
2083 3672 2155 3745 in
2208 3674 2369 3746 loco
2422 3672 2636 3745 basso
2687 3671 2863 3747 vivit
2898 3677 2973 3745 et

623 3792 818 3889 viget
870 3792 1238 3866 humilitas
1283 3793 1510 3866 tutior
1551 3799 1803 3867 contra
1840 3794 2156 3888 impetus
2191 3794 2704 3886 adversorum,
2742 3812 2965 3885 quam

621 3913 766 3986 alta
828 3912 1190 4007 superbia.
1253 3914 1338 3985 Et
1398 3914 1641 3986 subdit
1702 3914 1898 4006 quod
1959 3915 2158 3988 nulla
2226 3914 2365 3987 alia
2426 3914 2669 4008 planta
2736 3919 2977 4007 posset

621 4034 874 4107 vivere
942 4035 1057 4108 vel
1119 4034 1394 4109 durare
1446 4034 1562 4128 ibi,
1633 4034 1925 4109 dicens:
1990 4038 2157 4108 null’
2182 4039 2375 4109 altra
2434 4038 2707 4127 pianla,
2760 4034 2964 4127 idest,

619 4154 876 4245 virtus,
917 4157 1037 4227 cleo
1079 4158 1346 4249 facesse
1376 4158 1672 4250 fronda,
1709 4175 1753 4226 o
1803 4158 2198 4246 indurasse,
2232 4156 2440 4249 idest,
2476 4176 2645 4249 quae
2698 4155 2973 4229 faceret

618 4274 994 4383 hominem
1042 4275 1442 4369 superbum
1481 4275 1662 4350 flore
1696 4276 2213 4370 prosperitatis»,
2260 4276 2449 4350 sicut
2474 4275 2777 4370 justitia,
2816 4294 2975 4348 ma-

618 4395 1082 4492 gnanimitaS,
1133 4395 1500 4489 fortitudo,
1555 4399 1624 4469 vi
1664 4405 1871 4493 puoto
1920 4418 2095 4470 aver
2144 4399 2312 4488 vita,
2349 4396 2639 4487 scilicet,
2680 4402 2977 4491 vegeta-

620 4515 868 4611 tivam,
921 4536 1092 4610 quae
1142 4524 1254 4591 est
1303 4518 1375 4589 in
1427 4516 1720 4612 plantis3
1772 4524 1848 4591 et
1897 4537 2070 4591 ecce
2121 4537 2459 4590 causam:
2485 4508 2667 4607 pero
2716 4516 2979 4588 ch'alle

613 4656 937 4729 percosse
984 4658 1130 4711 non
1177 4640 1506 4725 secondo,
1559 4636 1765 4731 idest,
1819 4657 1963 4710 non
1995 4626 2068 4728 (³)
2133 4636 2323 4712 cedit
2384 4634 2661 4730 impetu
2714 4635 2978 4709 adver-

619 4778 924 4850 sorum3
977 4763 1050 4832 et
1103 4752 1279 4832 Vere
1331 4763 1541 4853 poeta
1596 4763 1841 4831 noster
1902 4777 2046 4829 non
2118 4763 2230 4830 est
2293 4756 2567 4829 fractus
2624 4753 2973 4848 adversiS,

620 4876 772 4951 imo
822 4878 1198 4951 humiliter
1248 4887 1323 4953 et
1387 4877 1745 4972 patienter
1795 4877 2132 4951 toleravit
2165 4866 2243 4968 (⁴)
2290 4875 2615 4969 exilium,
2654 4894 2972 4970 pauper-

746 5065 800 5125 (‘)
835 5064 896 5113 E.
930 5064 1076 5115 basso
1109 5064 1233 5115 vivit
1263 5070 1319 5115 et
1350 5067 1502 5129 viget.
1843 5066 1898 5126 (¹)
1933 5065 1984 5114 S.
2019 5066 2155 5115 unda
2189 5066 2365 5114 maris.

747 5138 802 5203 (⁸)
835 5140 896 5191 E.
930 5152 1036 5191 non
1069 5142 1204 5191 cedit
1237 5142 1468 5205 impetui.
1843 5140 1896 5203 (⁸)
1933 5142 1994 5192 E.
2031 5142 2271 5192 toleravit
2304 5142 2479 5191 animo
2511 5138 2634 5191 sorti
2666 5138 2900 5189 exilium.
