4392 6850
1532 986 1810 1043 murus
1859 987 2146 1043 ramus.
2230 949 2235 954 ²
2964 979 3007 1048 3

665 1130 994 1222 ὑιρερηο,
1031 1129 1148 1204 vel
1183 1129 1500 1224 respexit
1555 1132 2060 1226 metaphoram
2113 1133 2349 1229 magis
2397 1134 2793 1228 propriam,
2836 1135 3010 1229 quia

669 1250 1006 1326 navicula
1057 1251 1380 1326 velocius
1431 1252 1664 1326 currit
1714 1272 1846 1348 per
1885 1274 2182 1348 aquam,
2221 1261 2295 1329 et
2336 1253 2511 1328 nihil
2544 1255 2869 1330 velocius
2902 1265 3014 1333 est

669 1373 984 1469 ingeniO,
1037 1373 1234 1466 quod
1283 1373 1650 1469 percurrit
1699 1373 2128 1448 universum
2181 1376 2349 1468 cit0,
2400 1382 2477 1450 et
2534 1376 2765 1451 multa
2807 1396 3015 1452 com-

669 1492 1028 1588 plectitur.
1072 1492 1422 1567 Navicula
1474 1492 1696 1567 etiam
1749 1493 2028 1567 facilius
2062 1501 2399 1587 penetrat
2446 1515 2745 1590 aquam,
2798 1501 2871 1570 et
2914 1497 3015 1571 ita

669 1613 1049 1709 ingenium
1119 1619 1424 1687 acutum
1493 1613 1903 1688 materiam.
1945 1613 2112 1689 .Vel
2177 1613 2351 1687 dicit
2415 1615 2775 1712 navicula,
2841 1616 3016 1710 quia

670 1743 922 1828 postea
973 1732 1564 1829 navigabitcum
1623 1753 1890 1829 magna
1941 1733 2108 1808 navi
2158 1743 2447 1809 armata
2484 1755 2758 1828 aquam
2800 1757 3019 1831 para-

671 1853 828 1948 disi,
879 1852 1003 1928 ubi
1055 1853 1227 1928 dicit
1271 1853 1600 1928 secundo
1651 1854 1990 1948 capitulo,
2043 1857 2267 1928 dietro
2326 1856 2407 1926 al
2458 1857 2599 1928 mio
2649 1859 2851 1947 leyno
2898 1859 3020 1930 che

553 2055 558 2060 ,
675 1976 1028 2048 cantando
1053 1994 1294 2046 varca.
1322 2013 1422 2026 —
1449 1976 1680 2064 Omai,
1709 1972 1913 2066 idest,
1933 1973 2295 2069 deincepS,
2320 1977 2489 2050 alza
2514 1978 2575 2048 le
2609 1979 2777 2067 vele,
2814 1976 3020 2070 idest,

677 2093 891 2189 erigit
940 2094 1160 2168 altam
1213 2093 1810 2188 speculationem.
1863 2093 1950 2167 Et
1999 2093 2118 2167 hic
2167 2101 2341 2168 nota
2394 2094 2589 2188 quod
2630 2101 2846 2190 poeta
2886 2115 3023 2170 no-
3124 2075 3134 2084 ’

677 2224 828 2292 ster
878 2217 952 2291 in
1006 2222 1156 2291 toto
1205 2220 1546 2310 poemate
1595 2234 1732 2287 suo
1785 2213 2152 2307 percurrit
2204 2220 2355 2289 tres
2386 2235 2655 2308 aquas;
2698 2235 3021 2310 quarum

675 2336 912 2432 prima
963 2343 1076 2410 est
1124 2334 1336 2408 bassa
1386 2340 1460 2408 et
1525 2339 1840 2426 mortua,
1893 2333 2164 2408 scilicet
2224 2333 2616 2430 infernaliS,
2676 2343 2750 2410 et
2809 2337 3023 2411 istam

677 2457 976 2553 navigat
1005 2447 1080 2548 (¹)
1138 2456 1526 2548 hucusque
1583 2453 1676 2528 ad
1739 2454 1910 2528 litus
1971 2475 2147 2528 cum
2213 2476 2464 2550 remo;
2530 2457 2849 2532 secunda
2916 2464 3027 2531 est

677 2577 824 2652 alta
875 2582 950 2651 et
1001 2575 1190 2670 viva,
1244 2582 1318 2650 et
1345 2566 1420 2668 (²)
1476 2575 1610 2650 ista
1662 2575 1908 2669 incipit
1957 2575 2247 2671 erigere
2299 2577 2597 2670 velum3
2650 2576 2866 2652 tertia
2916 2581 3028 2650 est

678 2696 1027 2772 altissima
1079 2702 1156 2770 et
1205 2694 1789 2790 profundissima,
1839 2694 2106 2769 scilicet
2155 2694 2493 2791 paradisi,
2528 2703 2602 2770 et
2652 2695 2751 2770 ibi
2801 2695 3029 2770 intra-

681 2817 788 2892 bit
836 2815 1282 2912 profundum
1346 2815 1688 2911 pelagus:
1751 2815 1870 2886 che
1933 2817 2152 2888 lascia
2212 2817 2437 2890 dietro
2496 2837 2544 2888 a
2606 2838 2681 2889 se
2744 2837 2906 2890 mar
2971 2807 3032 2888 si

683 2941 986 3028 crudele,
1036 2935 1243 3029 idest,
1295 2941 1446 3008 tam
1498 2955 1832 3009 amaram
1885 2936 2299 3029 materiam,
2354 2937 2587 3030 qualis
2649 2941 2759 3011 est
2809 2935 3033 3010 infer-

685 3058 888 3154 naliS,
935 3056 1062 3130 ubi
1113 3055 1290 3130 vidit
1322 3061 1428 3128 tot
1461 3062 1536 3130 et
1570 3061 1719 3130 tam
1764 3055 2090 3130 crudelia
2127 3063 2496 3132 tormenta
2538 3046 3029 3152 poenarum(³)

683 3179 1058 3254 amariora
1109 3175 1310 3251 omni
1363 3175 1573 3270 mari,
1629 3181 1710 3250 ut
1760 3176 1992 3271 patuit
2041 3195 2172 3270 per
2224 3184 2457 3251 totum
2522 3177 2794 3250 librum
2842 3195 3037 3272 prae-

687 3299 1090 3376 cedentem.
1147 3295 1235 3368 Et
1283 3295 1594 3370 ostendit
1643 3295 1738 3370 ad
1805 3295 1980 3389 quid
2042 3297 2275 3393 erigat
2332 3297 2495 3371 vela
2556 3297 2847 3371 dicens:
2902 3317 3039 3390 per

687 3442 938 3495 correr
987 3419 1268 3510 miqlior
1317 3438 1572 3509 acqua,
1625 3415 1830 3510 idest,
1883 3438 2109 3491 causa
2159 3416 2610 3493 describendi
2655 3417 3037 3493 meliorem

691 3539 1078 3615 materiam
1131 3544 1206 3613 et
1255 3537 1489 3633 magis
1540 3537 1758 3632 piam.
1813 3536 1902 3610 Et
1946 3538 2060 3611 hic
2095 3544 2269 3613 nota
2306 3539 2501 3632 quod
2540 3538 2777 3633 prima
2818 3558 3039 3633 aqua,

691 3660 876 3737 idaet
925 3659 1259 3753 materia,
1309 3665 1419 3733 est
1469 3658 1662 3733 bona
1707 3657 1991 3733 ratione
2024 3658 2348 3753 justitiae,
2391 3680 2559 3754 quae
2610 3659 2684 3733 in
2720 3680 2800 3735 se
2848 3659 3041 3735 bona

693 3787 828 3876 est,
879 3800 1068 3875 quae,
1099 3779 1318 3855 etiam
1371 3778 1506 3853 fuit
1551 3778 1744 3853 bona
1780 3798 1913 3873 pro
1949 3785 2164 3873 poeta
2200 3785 2275 3853 et
2308 3779 2787 3874 sequentibus
2822 3801 3041 3855 eum:

695 3900 1018 3977 secunda
1068 3906 1180 3975 est
1229 3899 1512 3992 melior,
1563 3898 1736 3992 quia
1763 3886 1840 3990 (⁴)
1893 3898 2112 3973 habet
2162 3898 2238 3972 in
2286 3920 2365 3974 se
2395 3899 2755 3995 justitiam
2795 3906 2867 3976 et
2902 3900 3045 3973 mi-

693 4019 1216 4097 sericordiam:
1271 4019 1484 4095 tertia
1535 4023 1647 4093 est
1696 4018 1995 4112 optima,
2048 4018 2222 4112 quia
2286 4018 2507 4093 habet
2566 4019 2642 4092 in
2706 4040 2785 4094 se
2835 4040 3046 4093 sum-

698 4162 907 4215 mum
959 4139 1241 4214 bonum
1293 4146 1368 4213 et
1416 4138 1816 4233 perfectam
1870 4137 2307 4213 felicitatem.
2335 4178 2435 4193 --
2460 4143 2527 4211 E
2570 4130 2877 4213 cantero.
2914 4139 3045 4213 Hic

697 4267 916 4357 poeta
965 4260 1200 4354 aperit
1249 4280 1462 4333 suam
1517 4258 1991 4333 intentionem
2042 4258 2239 4333 circa
2290 4258 2675 4334 materiam
2718 4260 3049 4354 proposi—

675 4389 876 4476 -tam,
903 4380 1189 4455 dicens:
1227 4402 1266 4453 e
1295 4370 1605 4473 cantero,
1632 4378 1843 4471 idest,
1867 4398 2008 4475 ego
2043 4384 2258 4473 poeta
2293 4379 2563 4453 Dantes
2598 4378 2724 4473 qui
2760 4380 3049 4455 cantavi

701 4502 795 4577 de
843 4500 1082 4596 primo
1133 4520 1362 4597 regno
1415 4498 1806 4575 infelicium
1858 4499 2405 4589 damnatorum,
2458 4518 2657 4573 nunc
2711 4500 3048 4596 cantab0,
3130 4555 3143 4593 ,,

703 4622 885 4698 idest
936 4620 1218 4717 poetice
1275 4620 1705 4714 describam,
1774 4622 1849 4695 di
1903 4622 2061 4712 quel
2110 4621 2410 4693 secondo
2470 4641 2723 4713 regnu,
2782 4620 3054 4697 scilicet

703 4743 1156 4840 purgatorio,
1201 4743 1382 4833 idest
1429 4742 1522 4817 de
1573 4741 1895 4817 secundo
1933 4746 2126 4815 statu
2163 4740 2453 4835 animae,
2490 4762 2658 4835 quae
2702 4742 3052 4819 recedens

705 4885 750 4939 a
804 4864 992 4939 vitiis
1049 4870 1162 4939 est
1229 4863 1304 4939 in
1369 4862 1797 4960 purgatorio
1847 4860 2549 4949 moraliconiuncta
2608 4856 2920 4957 corpori,
2974 4871 3050 4939 et

833 5052 888 5115 (')
923 5054 1014 5102 11⁷
1046 5064 1076 5102 e
1109 5050 1172 5101 Β.
1205 5052 1478 5115 navigavit.
2055 5046 2112 5114 (¹)
2143 5048 2205 5100 E.
2239 5052 2293 5100 et
2328 5049 2379 5098 ιη
2414 5049 2525 5099 Μ..

829 5126 888 5191 (⁸)
919 5128 982 5179 Β.
1014 5140 1286 5191 panarum
1317 5133 1371 5179 et
1403 5128 1601 5181 maiora
1631 5128 1790 5180 omni.
2055 5124 2110 5189 (⁸)
2143 5128 2253 5187 11⁷,
2286 5139 2403 5190 quo
2436 5125 2615 5177 habuit
2646 5127 2699 5177 in
2730 5137 2801 5175 ιο.
