4392 6850
1457 960 1600 1029 340
2184 968 2591 1023 com-run
2642 968 3080 1023 PURGA'ronn

1457 1125 1661 1194 terea
1711 1116 2088 1212 quomodo
2135 1114 2490 1191 Hercules
2538 1135 2713 1189 cum
2766 1134 2917 1189 una
2960 1113 3131 1190 navi
3176 1115 3485 1209 cepisset
3510 1108 3587 1209 (¹)
3644 1136 3803 1190 ma—

1453 1260 1678 1335 gnam
1727 1237 2062 1331 Troiam3
2101 1243 2237 1311 aut
2286 1235 2661 1329 quomodo
2701 1234 3041 1310 Priamus
3076 1232 3150 1308 in
3178 1240 3328 1309 tam
3374 1235 3580 1310 brevi
3619 1256 3803 1311 reae-

1452 1358 1814 1434 dificasset
1889 1356 2209 1432 Troiam.
2287 1356 2501 1431 Troia
2578 1376 2760 1452 ergo
2836 1356 2973 1432 fuit
3043 1354 3419 1451 provincia
3490 1356 3564 1429 in
3640 1356 3800 1431 Asia

1456 1478 1766 1573 minore,
1803 1498 2054 1573 parva,
2089 1476 2219 1551 sed
2254 1476 2526 1571 fertiliS‚
2558 1496 2881 1571 amoena,
2920 1476 3132 1571 plena
3166 1477 3533 1573 gentibus
3568 1478 3803 1572 qualis

1452 1598 1674 1695 paulo
1723 1604 1896 1672 ante
1947 1603 2110 1673 erat
2139 1596 2621 1671 Romandiola
2672 1597 2747 1670 in
2795 1596 2997 1671 Italia
3049 1618 3226 1672 cum
3266 1604 3429 1673 erat
3462 1600 3537 1673 in
3580 1600 3801 1673 flore:

1451 1740 1647 1814 saepe
1717 1725 1963 1793 tamen
2021 1718 2308 1812 capitur
2366 1717 2465 1791 ab
2525 1716 2935 1811 autoribus,
2997 1717 3176 1792 Ilion
3251 1738 3389 1814 pro
3450 1718 3667 1795 Troia
3729 1724 3806 1794 et

1453 1838 1668 1913 Troia
1717 1858 1854 1933 pro
1904 1836 2070 1931 Ilio;
2107 1837 2225 1912 vel
2276 1841 2564 1932 oportet
2600 1841 2673 1912 te
2704 1836 2951 1913 dicere
3002 1838 3199 1932 quod
3243 1824 3427 1914 'Ilion
3469 1847 3543 1914 et
3587 1838 3803 1915 Troia

1455 1958 1676 2033 fuerit
1727 1978 1876 2032 una
1927 1963 2001 2032 et
2050 1957 2310 2031 eadem
2363 1950 2634 2032 civitas.
2690 1956 2870 2032 Ilion
2914 1956 3138 2033 etiam
3183 1958 3447 2034 evertit
3486 1958 3804 2034 crudeli·-

1457 2086 1572 2154 ter
1611 2076 1930 2151 Fimbria
1951 2076 2359 2171 Marianus,
2410 2097 2637 2171 quam
2688 2076 3069 2171 antiquam
3112 2078 3367 2153 Romae
3418 2084 3799 2174 parentem

1457 2197 1658 2273 caede
1708 2203 1782 2271 et
1831 2196 2165 2272 incendio
2216 2196 2539 2271 funditus
2582 2197 2871 2291 delevit,
2910 2205 2994 2271 ut
3031 2196 3203 2273 dicit
3233 2197 3689 2293 Augustinus
3713 2198 3801 2271 111

1457 2318 1550 2393 de
1616 2316 1922 2392 Civitate
1988 2316 2140 2391 Dei.
2170 2356 2272 2370 —
2304 2319 2503 2405 Quat.
2567 2316 2697 2391 Hic
2762 2323 3003 2412 poeta,
3056 2317 3423 2413 percursis
3480 2318 3803 2394 breviter

1461 2438 1820 2532 exemplis
1903 2436 2342 2512 notabilibus
2408 2438 2905 2531 quorumdam
2986 2439 3513 2533 superborum,
3598 2458 3805 2514 com-

1462 2558 1762 2635 mendat
1813 2558 2325 2655 magisterium
2376 2566 2451 2633 et
2500 2558 2893 2633 artificium
2928 2557 3288 2635 dictarum
3342 2558 3803 2655 figurarum3

1465 2680 1658 2755 unde
1710 2679 1886 2775 petit
1936 2700 2110 2755 cum
2173 2678 2705 2755 admiratione:
2774 2682 2959 2769 Quat
3003 2684 3087 2774 su
3145 2687 3451 2754 maestro
3506 2684 3583 2754 di
3628 2702 3805 2773 pen-

1461 2803 1643 2875 nello
1692 2822 1737 2873 o
1787 2803 1864 2874 di
1909 2802 2084 2891 stile,
2135 2798 2347 2893 quasi
2386 2798 2617 2875 dicat:
2658 2800 2836 2887 Quis
2886 2800 3024 2875 fuit
3072 2821 3433 2895 umquam
3484 2809 3631 2876 tam
3672 2822 3805 2877 ex-

1462 2924 1732 2999 cellens
1783 2921 2015 3017 pictor
2082 2920 2201 2996 vel
2274 2920 2691 3017 designator
2718 2925 2751 2993 ⁴?
2810 2921 3019 3015 quasi
3083 2921 3296 3017 dicat,
3368 2923 3637 3017 nullm,
3686 2926 3807 2997 che

1462 3046 1793 3117 neraesse
1842 3043 1888 3115 Γ
1912 3040 2178 3132 ombre,
2230 3040 2435 3134 idest,
2496 3038 2797 3137 figuras,
2851 3063 2890 3115 e
2950 3044 2981 3114 i
3042 3043 3238 3115 tratti
3290 3042 3391 3115 ch’
3412 3046 3513 3117 ivi
3573 3047 3807 3117 mirar

1457 3166 1738 3259 farieno
1790 3164 1958 3253 oym'
1993 3164 2291 3252 ’nyeyno
2340 3162 2588 3253 sectile,
2640 3160 2827 3235 sicut
2876 3160 3162 3257 ApelliS‚
3216 3162 3484 3254 ZeusiS‚
3537 3163 3805 3237 Phidiae

1462 3288 1539 3358 et
1586 3280 1930 3356 similium
1987 3280 2374 3376 pictorum,
2431 3279 2560 3375 qui
2608 3280 2975 3357 nescirent
3024 3281 3389 3379 attingere
3438 3284 3805 3358 excellen-

1463 3403 1640 3480 tiam
1701 3408 1922 3476 tantae
1971 3401 2170 3476 artis,
2224 3402 2434 3490 Quod
2487 3402 2897 3498 confirmat,
2951 3402 3241 3480 dicens:
3294 3406 3377 3476 Li
3424 3410 3637 3480 morti
3670 3429 3805 3500 pa-

1461 3547 1644 3599 rcan
1693 3527 1926 3618 morti,
1979 3546 2018 3598 e
2061 3527 2092 3597 i
2141 3527 2281 3596 vivi
2316 3545 2601 3617 parcan
2653 3526 2794 3597 vivi
2806 3550 2839 3618 ,·
2878 3524 2977 3602 ita
3018 3532 3230 3600 erant
3280 3527 3577 3622 proprii,
3620 3529 3805 3604 sicut

1461 3669 1507 3722 a
1559 3645 1769 3720 simili
1823 3644 1992 3719 dicit
2037 3643 2337 3739 Plinius,
2371 3645 2571 3739 quod
2612 3665 2852 3739 equus
2900 3645 3115 3720 vivus
3166 3645 3321 3721 visa
3373 3665 3565 3741 equa
3615 3649 3801 3743 picta

1463 3766 1822 3842 hinnitum
1877 3764 2114 3858 dedit3
2165 3771 2243 3840 et
2300 3765 2441 3842 hoc
2498 3765 2660 3840 dico
2730 3765 2975 3840 notavi
3026 3765 3295 3861 oculis;
3350 3767 3547 3842 unde
3595 3769 3803 3843 dicit:

1461 3889 1570 3960 chi
1619 3888 1774 3959 vide
1819 3888 1876 3958 ie
1923 3906 2116 3978 vere,
2167 3884 2357 3960 sicut
2406 3884 2774 3982 VirgiliuS,
2808 3905 2952 3959 non
3002 3887 3159 3959 vide
3208 3888 3366 3979 mei,
3416 3886 3599 3963 idest
3649 3909 3805 3964 me-

1461 4007 1622 4101 liuS,
1687 4007 1763 4080 di
1823 4027 1956 4096 me,
2033 4005 2241 4099 quasi
2308 4004 2520 4100 dicat,
2572 4004 2847 4101 optime
2904 4005 3049 4079 vidi
3116 4007 3526 4102 veritatem,
3576 4029 3803 4104 quan-

1460 4130 1505 4200 t’
1529 4129 1600 4200 io
1667 4127 1916 4216 calcat,
1975 4124 2186 4219 idest,
2252 4131 2411 4199 toto
2472 4125 2705 4220 spatio
2764 4125 2927 4220 viae,
2987 4123 3217 4218 finche*
3271 4129 3547 4202 chinaeo
3611 4131 3802 4220 mvi,-

1459 4246 1666 4342 idest‚
1701 4247 1936 4322 donec
1987 4245 2081 4320 ivi
2133 4265 2305 4321 cum
2346 4245 2505 4319 visu
2550 4245 2641 4319 ad
2678 4251 2955 4320 terram
2993 4245 3385 4341 respiciens
3424 4247 3580 4322 illas
3614 4247 3803 4344 figu-

1466 4387 1605 4442 ras,
1660 4365 1746 4438 Et
1789 4365 2048 4440 ultimo
2087 4372 2302 4460 poeta
2342 4365 2561 4462 digne
2602 4365 2969 4440 exclamat
3004 4372 3261 4441 contra
3296 4366 3641 4442 duritiem
3678 4387 3805 4441 su-

1463 4487 1890 4581 perborum,
1942 4484 2070 4578 qui
2121 4485 2380 4561 nolunt
2429 4483 2899 4561 considerare
2947 4485 3082 4561 ista
3124 4487 3463 4581 exempla
3502 4487 3597 4561 ad
3630 4507 3807 4583 pur-

1463 4607 1834 4705 gationem
1895 4607 2281 4702 superbiae,
2342 4605 2639 4682 dicens:
2712 4610 2773 4680 Ο
2834 4609 3131 4700 fiyliuoli
3184 4609 3257 4682 α’
3272 4613 3452 4701 Eva,
3503 4607 3711 4703 idest,
3760 4629 3807 4684 o

1464 4726 1714 4802 miseri
1764 4726 2096 4802 homines
2163 4725 2258 4802 de
2321 4726 2635 4802 muliere
2684 4725 2858 4819 nati,
2927 4747 3017 4799 or
3063 4727 3427 4820 super-bite,
3479 4728 3805 4823 loquitur

1465 4847 1764 4940 ironice,
1816 4846 2026 4940 quasi
2073 4847 2269 4922 dicat
2314 4845 2701 4942 superbire
2746 4867 2896 4922 non
2938 4845 3241 4944 dehetis
3277 4869 3316 4922 e
3348 4853 3467 4922 via
3502 4852 3616 4923 col
3658 4852 3807 4924 viso

1591 5095 1648 5159 (⁸)
1677 5096 1740 5148 B.
1771 5097 1922 5160 oepit.
