4392 6850
1231 974 1506 1031 camus
1555 977 1870 1034 nsscmus
1921 975 2289 1032 summus·
2790 965 2932 1032 457

593 1118 766 1212 quia
815 1119 1261 1214 pulcerrima
1315 1126 1498 1214 erat,
1549 1143 1718 1214 quae
1783 1123 2038 1198 venire
2095 1121 2553 1216 contempsit.
2614 1122 2722 1196 Ex
2784 1141 2935 1216 quo

593 1257 726 1312 rex
775 1239 886 1313 ira
936 1259 1332 1315 succensus
1366 1240 1460 1316 de
1499 1262 1808 1317 suorum
1863 1243 2162 1318 consilio
2214 1242 2651 1337 sapientum,
2710 1261 2936 1338 repu-

590 1358 782 1433 diata
832 1379 946 1454 ea,
999 1360 1371 1435 mandavit
1421 1361 1618 1455 quod
1672 1383 1760 1437 ex
1817 1363 2158 1437 omnibus
2200 1361 2587 1458 provinciis
2639 1381 2935 1456 quaere-

597 1485 854 1552 rentur
877 1479 1200 1576 virgines
1231 1480 1516 1576 puellae,
1546 1488 1744 1582 utex
1779 1503 2092 1558 numero
2123 1483 2529 1556 multarum
2561 1487 2933 1576 quaereret

594 1598 722 1672 sibi
773 1619 1004 1672 unam
1055 1599 1128 1672 in
1177 1619 1516 1676 uxorem.
1569 1602 1744 1676 Erat
1793 1610 2044 1677 autem
2093 1603 2169 1676 in
2228 1603 2520 1678 civitate
2568 1602 2929 1677 Susarum

596 1720 892 1812 quidam
925 1719 1220 1815 judaeus
1265 1721 1560 1796 nomine
1599 1723 2100 1798 Mardochaeus
2152 1725 2427 1798 habens
2478 1729 2822 1819 nepotem
2854 1715 2927 1815 (¹)

596 1839 892 1914 nomine
939 1840 1198 1915 Esther
1249 1840 1470 1915 filiam
1529 1843 1800 1938 fratriS,
1851 1865 2076 1937 quam
2137 1844 2615 1939 adoptaverat
2672 1844 2805 1918 sibi
2857 1843 2930 1916 in
2956 1841 2975 1856 '

593 1959 838 2034 filiam.
908 1961 1049 2034 Ista
1117 1962 1284 2036 data
1348 1968 1458 2037 est
1507 1963 1699 2038 inter
1747 1964 1928 2038 alias
1977 1985 2149 2038 cum
2212 1965 2655 2061 pulcerrima
2714 1971 2930 2058 esset,

593 2085 668 2154 et
716 2079 992 2156 invenit
1038 2083 1352 2178 gratiam
1403 2084 1599 2178 apud
1641 2103 1922 2180 regem,
1967 2103 2104 2158 nec
2139 2084 2481 2160 indicavit
2514 2105 2683 2180 quae
2718 2090 2931 2178 esset,

590 2201 762 2296 quia
815 2202 914 2276 ita
967 2210 1414 2297 praeceperat
1454 2203 1586 2277 sibi
1621 2205 2140 2279 Mardochaeus.
2178 2207 2355 2303 Erat
2394 2213 2650 2280 autem
2695 2206 2933 2281 incre-

591 2322 822 2396 dibilis
871 2321 1399 2417 pulcritudiniS‚
1449 2323 1805 2419 amabiliS,
1855 2323 2196 2421 gratiosa.
2236 2325 2394 2400 Rex
2430 2345 2611 2400 vero
2652 2326 2945 2402 exalta·'

592 2448 800 2517 verat
850 2461 1072 2537 super
1123 2463 1384 2517 omnes
1432 2444 1832 2538 quemdam
1881 2465 2104 2518 suum
2157 2445 2583 2541 principem,
2624 2446 2743 2520 cui
2797 2465 2933 2520 no-

592 2583 761 2636 men
799 2569 960 2637 erat
991 2563 1250 2657 Aman,
1279 2581 1502 2656 quem
1539 2583 1800 2638 omnes
1831 2565 2381 2638 venerabantur
2416 2571 2491 2640 et
2524 2565 2933 2640 adorabant

598 2691 865 2778 praeter
898 2683 1459 2758 Mardochaeum.
1497 2683 1660 2770 Quo
1701 2685 2014 2780 cognit0,
2049 2685 2286 2759 Aman
2324 2691 2522 2771 tanta
2562 2686 2670 2760 ira
2706 2693 2781 2760 et
2822 2687 2933 2759 in·-

590 2802 1006 2898 dignatione
1053 2809 1471 2878 commotus
1521 2810 1652 2899 est,
1693 2805 1890 2898 quod
1943 2825 2087 2878 non
2139 2810 2529 2886 contentus
2580 2806 2931 2901 supplicio

593 2923 812 2996 unius
861 2923 1189 3018 concepit
1241 2923 1737 2998 exterminare
1797 2942 2020 2998 omne
2045 2916 2118 3016 (²)
2189 2945 2427 3020 genus
2479 2927 2925 3020 judaeorum.

495 3109 501 3114 .
588 3043 780 3116 Dixit
831 3063 1010 3140 ergo
1061 3043 1219 3138 regi
1272 3043 1470 3137 quod
1522 3044 1718 3118 natio
1765 3043 2101 3137 quaedam
2137 3045 2460 3154 dispersa
2496 3047 2764 3120 eratin
2807 3067 2932 3121 re-

587 3185 734 3260 gno
774 3182 935 3258 suo,
973 3183 1138 3257 quae
1191 3182 1338 3236 non
1387 3163 1727 3237 servabat
1776 3169 2050 3238 sectam
2080 3153 2193 3257 (ἧς
2237 3165 2401 3239 ideo
2448 3165 2725 3239 bonum
2770 3173 2933 3239 erat

591 3284 744 3381 regi
796 3291 870 3358 et
919 3282 1100 3358 utile
1149 3283 1346 3376 quod
1388 3289 1539 3356 tota
1573 3282 1969 3376 deleretur,
2005 3290 2080 3358 et
2115 3283 2487 3357 maximus
2535 3285 2929 3360 thesaurus

587 3404 1005 3480 haberetur.
1056 3403 1214 3479 Rex
1247 3403 1615 3496 creduluS,
1661 3402 1922 3478 tradito
1965 3404 2241 3478 annulo
2280 3425 2417 3479 suo
2452 3405 2710 3501 Aman,
2746 3407 2929 3480 dixit

587 3527 786 3622 quod
837 3546 1058 3601 omne
1107 3532 1502 3621 argentum
1555 3531 1745 3599 esset
1809 3546 2058 3619 suum,
2107 3532 2186 3599 et
2234 3525 2327 3600 de
2386 3532 2609 3623 gente
2657 3526 2934 3602 faceret

583 3648 929 3743 quicquid
981 3646 1218 3723 vellet.
1274 3646 1400 3720 Ille
1453 3645 1642 3719 misit
1706 3646 1950 3720 literas
2009 3666 2141 3742 per
2200 3666 2459 3721 omnes
2522 3648 2933 3742 provincias

583 3768 677 3843 ad
726 3788 987 3843 omnes
1038 3766 1404 3862 praesides,
1458 3773 1541 3839 ut
1590 3784 1850 3841 omnes
1884 3766 2158 3841 hebraei
2195 3788 2345 3842 una
2384 3774 2587 3841 certa
2622 3768 2738 3843 die
2772 3768 2929 3844 sine

583 3886 1020 3963 discretione
1059 3906 1284 3961 sexus
1321 3887 1438 3960 vel
1473 3884 1704 3960 aetatis
1739 3892 2203 3959 necarentur.
2234 3886 2513 3979 Esther,
2545 3888 2685 3961 hoc
2722 3889 2926 3982 scit0,

585 4008 678 4082 ad
727 4026 986 4102 preces
1035 4006 1462 4084 Mardochaei
1517 4006 1854 4099 exposuit
1905 4026 1986 4081 se
2044 4006 2371 4100 periculo
2424 4006 2701 4101 mortiS‚
2754 4010 2927 4101 quia

589 4128 836 4201 nultus
885 4127 1188 4221 impune
1238 4132 1524 4221 poterat
1573 4125 1928 4200 accedere
1977 4125 2068 4199 ad
2123 4146 2375 4221 regem
2419 4126 2551 4199 nisi
2602 4134 2923 4200 vocatus.

588 4248 720 4321 lvit
771 4268 953 4343 ergo
1003 4258 1080 4324 et
1125 4246 1438 4343 gratiam
1493 4244 1902 4341 promeruit
1949 4252 2026 4319 et
2073 4245 2325 4341 petivit
2358 4266 2403 4319 a
2444 4264 2617 4342 rege
2663 4254 2743 4319 ut
2776 4247 2929 4341 ipse

589 4375 666 4442 et
712 4367 948 4441 Aman
999 4366 1332 4442 venirent
1393 4366 1486 4440 ad
1549 4364 1966 4439 convivium
2029 4386 2273 4438 suum.
2345 4364 2642 4439 Interim
2692 4364 2929 4439 Aman

589 4490 840 4566 videns
874 4490 1412 4565 Mardochaeum
1455 4506 1666 4559 more
1701 4484 1910 4559 solito
1951 4504 2098 4559 non
2131 4506 2525 4581 assurgere
2558 4486 2717 4581 sibi,
2760 4484 2931 4561 fecit

587 4611 768 4708 erigi
803 4600 874 4703 (⁴)
947 4610 1234 4685 trabem
1301 4605 1696 4682 altitudinis
1762 4605 2293 4702 quinquaginta
2354 4607 2775 4681 cubitorum
2851 4614 2931 4682 ut

588 4730 928 4826 suspendi
969 4730 1246 4804 faceret
1277 4726 1840 4801 Mardochaeum.
1877 4724 2100 4800 Facto
2131 4732 2384 4801 autem
2438 4725 2765 4822 prandio,
2804 4746 2931 4803 re·-

711 4958 768 5025 (¹)
803 4962 864 5011 E.
897 4966 1105 5024 neptem
1137 4958 1296 5010 filiam
1327 4957 1518 5017 fratris,
1552 4968 1669 5020 qun
1700 4956 1981 5009 vocabatur
2013 4956 2221 5017 Esther,
2254 4969 2409 5021 quam
2444 4956 2791 5020 adoptaverat.

713 5038 768 5103 (²)
801 5038 862 5088 E.
895 5049 1077 5087 omnes
1109 5040 1286 5100 gentes
1308 5035 1625 5101 judaeorum.
1999 5034 2052 5099 (⁸)
2087 5040 2194 5096 11⁷,
2230 5040 2421 5085 sectam
2456 5048 2620 5085 suam,

714 5115 768 5177 (⁵)
801 5119 910 5177 11⁷,
945 5114 1166 5179 erigere.
