4392 6850
1205 939 1484 996 CANTUS
1533 939 1852 996 DECIMUS
1901 941 2267 996 SEPTIMUS.
2766 930 2909 996 455

569 1088 806 1184 ipsum
859 1085 1114 1161 lumen
1161 1085 1255 1161 ad
1307 1086 1684 1162 hominem
1719 1087 1875 1163 sine
1915 1087 2158 1164 medio
2196 1087 2403 1183 coeli3
2439 1088 2649 1182 quasi
2680 1083 2921 1163 dicati

566 1209 722 1283 haec
775 1206 934 1282 talis
981 1205 1408 1302 imaginatio
1461 1214 1804 1282 movetur
1852 1229 1898 1284 a
1963 1209 2246 1284 coelesti
2304 1209 2582 1282 lumine
2644 1229 2780 1305 per
2828 1228 2911 1283 se

566 1326 906 1421 formato,
957 1324 1075 1402 vel
1126 1347 1196 1400 a·
1223 1324 1376 1400 Deo
1421 1328 1874 1402 transmisso,
1928 1327 2015 1401 Et
2074 1329 2190 1403 hic
2254 1334 2427 1403 nota
2486 1327 2685 1423 quod
2743 1328 2913 1404 licet

565 1455 782 1544 poeta
830 1447 1124 1543 legisset
1163 1467 1358 1542 saepe
1389 1446 1483 1521 de
1525 1454 1676 1522 tam
1711 1448 1878 1522 forti
1915 1449 2435 1545 imaginatione
2471 1449 2543 1522 in
2584 1449 2909 1544 Socrate,

570 1567 1012 1662 Democrito,
1063 1566 1464 1661 Carneade,
1517 1573 1592 1642 et
1627 1569 1809 1650 ‚aliis
1869 1569 2142 1664 multiS,
2192 1575 2443 1644 tamen
2502 1570 2574 1643 in
2626 1589 2707 1644 se
2757 1571 2913 1665 ipso

531 1689 814 1764 luerat
864 1687 1296 1764 mirabiliter
1347 1694 1716 1784 expertus,
1781 1689 2058 1764 Accidit
2114 1689 2311 1765 enim
2372 1692 2603 1766 semel
2652 1690 2788 1765 sibi
2834 1691 2911 1764 in

569 1809 866 1885 civitate
914 1808 1304 1901 Senatum,
1339 1814 1631 1883 ostenso
1663 1807 1795 1882 sibi
1839 1807 2080 1885 libello
2113 1809 2394 1884 famoso
2430 1829 2566 1883 nec
2598 1810 2915 1906 amplius

570 1929 728 2006 viso
778 1950 914 2025 per
961 1928 1226 2026 ipsum,
1261 1949 1434 2004 cum
1469 1949 1618 2005 non
1669 1935 1912 2025 posset
1963 1929 2237 2004 habere
2284 1930 2741 2006 commodius
2785 1953 2916 2007 co—

572 2049 768 2146 piam
817 2049 910 2126 de
960 2069 1096 2144 eu,
1123 2049 1426 2124 adhaesit
1485 2070 1659 2124 cum
1721 2055 2019 2143 pectore
2078 2051 2315 2126 banco
2370 2051 2587 2124 unius
2636 2054 2915 2148 specia-

569 2170 682 2264 rii,
745 2177 821 2244 et
883 2190 1057 2244 cnm
1119 2175 1322 2244 tanta
1383 2169 1784 2245 attentione
1839 2171 2207 2265 percurrit
2258 2170 2587 2246 libellum
2638 2179 2905 2267 totum,

571 2289 968 2386 persistens
1012 2289 1204 2362 fixus
1237 2289 1394 2363 sine
1427 2290 2064 2366 motu·oculorum
2099 2291 2194 2364 ab
2232 2292 2413 2365 hora
2446 2312 2641 2366 nona
2678 2313 2919 2386 usque

569 2410 664 2488 ad
716 2430 1125 2506 vesperam,
1175 2409 1376 2504 quod
1428 2409 1604 2483 nihil
1651 2410 2106 2486 extrinsecus
2144 2411 2390 2505 sensit,
2437 2432 2611 2487 cum
2667 2419 2915 2494 tamen

573 2530 787 2608 fieret
837 2530 935 2605 ibi
985 2549 1216 2627 prope
1263 2530 1533 2604 festum
1585 2531 1910 2626 nuptiale
1940 2552 2116 2606 cum
2150 2532 2547 2628 plausibuS,
2582 2533 2917 2608 cantibus

577 2658 652 2728 et
683 2650 900 2726 sonis,
929 2653 1017 2724 Et
1049 2651 1546 2747 interrogatus
1579 2651 1952 2745 quomodo
1982 2658 2329 2748 potuerat
2360 2671 2441 2726 se
2472 2652 2917 2727 continuisse

577 2792 674 2846 ne
723 2770 1120 2865 respiceret
1171 2776 1320 2844 tam
1373 2769 1664 2845 celebre
1715 2770 2010 2860 festum,
2049 2770 2172 2844 uhi
2217 2781 2378 2847 erat
2426 2770 2673 2846 suavis
2705 2791 2917 2866 aspe-

579 2898 740 2967 ctus
794 2897 901 2966 tot
951 2891 1348 2966 mulierum
1401 2889 1845 2985 senensium,
1883 2897 1958 2966 et
1995 2890 2226 2966 dulcis
2276 2891 2588 2966 melodia
2649 2897 2753 2965 tot
2802 2891 2917 2964 in-

580 3018 1166 3088 strumentorum
1205 3008 1685 3106 musicorum,
1714 3010 2082 3106 respondit
2115 3031 2196 3085 se
2231 3011 2405 3086 nihil
2442 3011 2782 3086 sensisse:
2818 3031 2913 3086 ex

581 3151 732 3226 quo
783 3137 945 3228 post
993 3131 1312 3227 primam
1360 3130 1924 3205 admirationem
1977 3151 2321 3226 magnam
2366 3137 2615 3204 secuta
2658 3137 2767 3205 est
2800 3151 2921 3206 se-

578 3252 818 3328 cunda
871 3251 1132 3346 maior,
1183 3271 1354 3326 cum
1408 3250 1562 3345 ipse
1596 3255 1788 3324 esset
1821 3250 2253 3324 naturaliter
2284 3256 2573 3324 amator
2621 3270 2920 3326 amoro-

579 3392 834 3448 sorum
885 3379 1265 3447 cantuum-
1293 3373 1594 3445 ——Dell’
1620 3373 1996 3464 empiezza.
2059 3371 2271 3445 Nunc
2332 3376 2550 3466 poeta
2607 3371 2921 3447 ostendit

577 3514 710 3589 per
759 3492 901 3567 tria
951 3493 1288 3588 exempla
1341 3492 1656 3587 qualiter
1705 3491 1782 3565 in
1831 3491 1997 3565 sorti
2049 3490 2573 3588 imaginatione
2621 3514 2759 3565 sua
2808 3492 2921 3567 vi-

577 3612 766 3689 derit
817 3619 966 3689 tres
1015 3612 1322 3687 effectus
1356 3612 1510 3707 irae,
1554 3632 1788 3687 unum
1843 3612 2149 3704 malurn,
2193 3610 2513 3685 alterum
2568 3611 2923 3706 peiorem,

579 3731 880 3807 tertium
932 3732 1358 3827 pessimum.
1409 3733 1518 3807 De
1568 3751 1890 3826 quorum
1933 3731 2172 3826 primo
2197 3732 2353 3827 jam
2399 3731 2613 3826 plene
2645 3730 2923 3805 dictum

582 3859 692 3929 est
741 3874 966 3948 supra
1027 3852 1344 3948 capitulo
1394 3854 1514 3946 IX,
1567 3851 1884 3946 qualiter
1949 3852 2058 3926 ira
2125 3853 2339 3948 ignea
2406 3851 2694 3947 impulit
2760 3872 2924 3925 ma-

583 3981 774 4049 trem
809 3973 903 4047 ad
937 3972 1352 4048 necandum
1400 3972 1660 4062 filium,
1701 3992 1924 4065 quem
1967 3972 2259 4047 tradidit
2296 3971 2743 4066 epulandum
2791 3993 2922 4066 pa-

585 4095 714 4187 tm
749 4092 876 4169 sed
913 4098 990 4166 et
1020 4092 1288 4167 Atreus
1321 4072 1608 4188 Thyesti
1663 4092 1868 4165 fratri
1905 4090 2123 4165 simin
2159 4092 2377 4167 modo
2412 4090 2703 4166 tradidit
2736 4090 2917 4165 finos

585 4214 778 4287 illius
802 4212 1182 4308 jugulatos
1213 4212 1307 4287 ad
1343 4212 1810 4287 vescendum.
1840 4213 1929 4284 Et
1962 4212 2456 4287 Ptholomaeus
2490 4213 2775 4307 Phyton
2810 4212 2925 4285 in-

585 4334 888 4409 terfecto
939 4330 1086 4405 filio
1123 4331 1314 4405 misit
1347 4332 1846 4409 extremitates
1879 4331 2283 4427 Cleopatra>
2324 4331 2541 4406 uxori
2580 4338 2653 4406 et
2686 4330 2921 4405 sorori

562 4439 762 4548 suae,
816 4472 1042 4548 quam
1096 4453 1479 4547 expulerat
1523 4458 1826 4547 accepta
1875 4450 2036 4525 eius
2085 4450 2233 4525 filia
2267 4451 2339 4525 in
2377 4471 2713 4525 uxorem.
2750 4450 2925 4523 Abi-

585 4573 872 4649 melech
921 4572 1142 4647 etiam
1193 4570 1586 4647 trucidavit
1621 4570 2080 4667 septuaginta
2120 4571 2383 4645 fratres
2433 4590 2607 4645 suos
2658 4574 2925 4664 praeter

585 4714 818 4769 unum
872 4694 1000 4788 qui
1052 4692 1302 4768 evasit.
1357 4692 1707 4767 Omnium
1755 4697 2008 4766 autem
2041 4682 2116 4783 (¹)
2158 4690 2705 4765 crudelissimus
2744 4691 2925 4765 Fra-

583 4814 790 4889 hatae
861 4834 998 4889 rex
1066 4813 1528 4909 parthorum,
1579 4810 1708 4904 qui
1777 4810 2135 4885 interfecit
2209 4816 2515 4905 patrem,
2578 4816 2919 4904 matrem,

707 5002 768 5065 (¹)
801 5006 908 5061 11⁷,
943 5006 1118 5052 sutem
1151 5001 1482 5051 crudelitates
1512 4999 1732 5049 excessit
1751 4998 2002 5048 Prahates
2031 5010 2140 5048 rex.
2157 4996 2301 5048 -Ε,
2332 5000 2505 5047 sutem
2539 4994 2924 5047 crudelissimus

585 5079 684 5131 ruit
715 5078 974 5129 Frshsres
1003 5090 1174 5127 rex—
1190 5077 1242 5127 S.
1275 5081 1451 5127 sutem
1483 5074 1870 5125 crudelissimus
1901 5072 2000 5123 mit
2030 5072 2194 5124 trater
2226 5071 2455 5123 Achates
2486 5084 2595 5122 rex.
