<?xml version="1.0" encoding="UTF-8"?>
<!DOCTYPE html PUBLIC "-//W3C//DTD XHTML 1.0 Transitional//EN"
    "http://www.w3.org/TR/xhtml1/DTD/xhtml1-transitional.dtd">
<html xmlns="http://www.w3.org/1999/xhtml" xml:lang="en" lang="en">
 <head>
  <title>
</title>
<meta http-equiv="Content-Type" content="text/html;charset=utf-8" />
  <meta name='ocr-system' content='tesseract 3.04.00' />
  <meta name='ocr-capabilities' content='ocr_page ocr_carea ocr_par ocr_line ocrx_word'/>
</head>
<body>
  <div class='ocr_page' id='page_1' title='image "./comentumsuperda02unkngoog_0212.png"; bbox 0 0 4392 6850; ppageno 0'>
   <div class='ocr_carea' id='block_1_1' title="bbox 1489 923 3103 994">
    <p class='ocr_par' dir='ltr' id='par_1_1' title="bbox 1489 923 3103 994">
     <span class='ocr_line' id='line_1_1' title="bbox 1489 923 3103 994; baseline 0 -4"><span class='ocrx_word' id='word_1_1' title='bbox 1489 923 1628 992; x_wconf 71' lang='lat'>198</span> <span class='ocrx_word' id='word_1_2' title='bbox 2201 938 2609 994; x_wconf 67' lang='lat' dir='ltr'>coum-run</span> <span class='ocrx_word' id='word_1_3' title='bbox 2657 937 3103 993; x_wconf 62' lang='lat' dir='ltr'>Punes&#39;ronu</span> 
     </span>
    </p>
   </div>
   <div class='ocr_carea' id='block_1_2' title="bbox 1448 1079 3817 4905">
    <p class='ocr_par' dir='ltr' id='par_1_2' title="bbox 1448 1079 3817 4905">
     <span class='ocr_line' id='line_1_2' title="bbox 1479 1079 3817 1178; baseline 0 -22"><span class='ocrx_word' id='word_1_4' title='bbox 1479 1081 1687 1178; x_wconf 86' lang='lat' dir='ltr'>quasi</span> <span class='ocrx_word' id='word_1_5' title='bbox 1753 1079 1989 1157; x_wconf 81' lang='lat' dir='ltr'>dicat:</span> <span class='ocrx_word' id='word_1_6' title='bbox 2063 1083 2349 1158; x_wconf 86' lang='lat' dir='ltr'>nullum</span> <span class='ocrx_word' id='word_1_7' title='bbox 2428 1102 2683 1158; x_wconf 89' lang='lat' dir='ltr'>meum</span> <span class='ocrx_word' id='word_1_8' title='bbox 2753 1081 3125 1176; x_wconf 89' lang='lat' dir='ltr'>meritum,</span> <span class='ocrx_word' id='word_1_9' title='bbox 3196 1103 3241 1154; x_wconf 91' lang='grc' dir='ltr'><em>ο</em></span> <span class='ocrx_word' id='word_1_10' title='bbox 3302 1086 3474 1174; x_wconf 77' lang='lat' dir='ltr'>qual</span> <span class='ocrx_word' id='word_1_11' title='bbox 3530 1086 3817 1176; x_wconf 70' lang='lat' dir='ltr'>qrazia,</span> 
     </span>
     <span class='ocr_line' id='line_1_3' title="bbox 1477 1201 3817 1301; baseline -0 -23"><span class='ocrx_word' id='word_1_12' title='bbox 1477 1203 1684 1298; x_wconf 82' lang='lat' dir='ltr'>quasi</span> <span class='ocrx_word' id='word_1_13' title='bbox 1733 1201 1961 1279; x_wconf 83' lang='lat' dir='ltr'>dicat:</span> <span class='ocrx_word' id='word_1_14' title='bbox 1997 1204 2151 1280; x_wconf 89' lang='lat' dir='ltr'>sola</span> <span class='ocrx_word' id='word_1_15' title='bbox 2201 1203 2443 1278; x_wconf 89' lang='lat' dir='ltr'>divina</span> <span class='ocrx_word' id='word_1_16' title='bbox 2476 1204 2735 1301; x_wconf 86' lang='lat' dir='ltr'>gratia,</span> <span class='ocrx_word' id='word_1_17' title='bbox 2770 1205 2869 1278; x_wconf 79' lang='lat' dir='ltr'>mi</span> <span class='ocrx_word' id='word_1_18' title='bbox 2898 1206 2951 1278; x_wconf 77' lang='lat' dir='ltr'>ti</span> <span class='ocrx_word' id='word_1_19' title='bbox 2990 1209 3286 1294; x_wconf 79' lang='lat' dir='ltr'>mosem,</span> <span class='ocrx_word' id='word_1_20' title='bbox 3338 1201 3411 1276; x_wconf 88' lang='lat' dir='ltr'>in</span> <span class='ocrx_word' id='word_1_21' title='bbox 3468 1202 3607 1278; x_wconf 81' lang='lat' dir='ltr'>isto</span> <span class='ocrx_word' id='word_1_22' title='bbox 3658 1203 3817 1277; x_wconf 90' lang='lat' dir='ltr'>loco</span> 
     </span>
     <span class='ocr_line' id='line_1_4' title="bbox 1477 1321 3811 1418; baseline 0 -22"><span class='ocrx_word' id='word_1_23' title='bbox 1477 1322 1846 1398; x_wconf 74' lang='lat' dir='ltr'>solitario?</span> <span class='ocrx_word' id='word_1_24' title='bbox 1893 1326 2158 1414; x_wconf 82' lang='lat' dir='ltr'>dimmi,</span> <span class='ocrx_word' id='word_1_25' title='bbox 2207 1345 2283 1398; x_wconf 73' lang='lat' dir='ltr'>se</span> <span class='ocrx_word' id='word_1_26' title='bbox 2334 1327 2487 1398; x_wconf 78' lang='lat' dir='ltr'>vien</span> <span class='ocrx_word' id='word_1_27' title='bbox 2533 1326 2605 1398; x_wconf 77' lang='grc' dir='ltr'>α’</span> <span class='ocrx_word' id='word_1_28' title='bbox 2630 1327 2905 1418; x_wconf 79' lang='lat' dir='ltr'>inferno</span> <span class='ocrx_word' id='word_1_29' title='bbox 2919 1347 2953 1416; x_wconf 88' lang='lat'>,·</span> <span class='ocrx_word' id='word_1_30' title='bbox 2998 1321 3384 1398; x_wconf 84' lang='lat' dir='ltr'>audiverat</span> <span class='ocrx_word' id='word_1_31' title='bbox 3414 1321 3611 1398; x_wconf 89' lang='lat' dir='ltr'>enim</span> <span class='ocrx_word' id='word_1_32' title='bbox 3656 1323 3811 1418; x_wconf 86' lang='lat' dir='ltr'>jam</span> 
     </span>
     <span class='ocr_line' id='line_1_5' title="bbox 1475 1441 3814 1540; baseline -0 -23"><span class='ocrx_word' id='word_1_33' title='bbox 1475 1441 1847 1518; x_wconf 87' lang='lat' dir='ltr'>Sordellus</span> <span class='ocrx_word' id='word_1_34' title='bbox 1879 1465 1924 1520; x_wconf 98' lang='lat' dir='ltr'>a</span> <span class='ocrx_word' id='word_1_35' title='bbox 1960 1443 2257 1540; x_wconf 89' lang='lat' dir='ltr'>Virgilio</span> <span class='ocrx_word' id='word_1_36' title='bbox 2289 1443 2491 1537; x_wconf 89' lang='lat' dir='ltr'>quod</span> <span class='ocrx_word' id='word_1_37' title='bbox 2526 1441 2941 1540; x_wconf 77' lang='lat' dir='ltr'>perdiderat</span> <span class='ocrx_word' id='word_1_38' title='bbox 2974 1443 3247 1521; x_wconf 86' lang='lat' dir='ltr'>ooelum</span> <span class='ocrx_word' id='word_1_39' title='bbox 3285 1442 3574 1518; x_wconf 81' lang='lat' dir='ltr'>defectu</span> <span class='ocrx_word' id='word_1_40' title='bbox 3614 1441 3814 1537; x_wconf 82' lang='lat' dir='ltr'>fidei3</span> 
     </span>
     <span class='ocr_line' id='line_1_6' title="bbox 1473 1561 3812 1661; baseline -0 -24"><span class='ocrx_word' id='word_1_41' title='bbox 1473 1563 1640 1638; x_wconf 85' lang='lat' dir='ltr'>ideo</span> <span class='ocrx_word' id='word_1_42' title='bbox 1679 1584 1828 1638; x_wconf 90' lang='lat' dir='ltr'>non</span> <span class='ocrx_word' id='word_1_43' title='bbox 1875 1570 2163 1661; x_wconf 88' lang='lat' dir='ltr'>poterat</span> <span class='ocrx_word' id='word_1_44' title='bbox 2214 1583 2377 1640; x_wconf 86' lang='lat' dir='ltr'>esse</span> <span class='ocrx_word' id='word_1_45' title='bbox 2426 1565 2500 1638; x_wconf 84' lang='lat' dir='ltr'>in</span> <span class='ocrx_word' id='word_1_46' title='bbox 2545 1563 2997 1660; x_wconf 88' lang='lat' dir='ltr'>purgatorio.</span> <span class='ocrx_word' id='word_1_47' title='bbox 3040 1563 3130 1638; x_wconf 89' lang='lat' dir='ltr'>Et</span> <span class='ocrx_word' id='word_1_48' title='bbox 3168 1561 3336 1638; x_wconf 89' lang='lat' dir='ltr'>dicit</span> <span class='ocrx_word' id='word_1_49' title='bbox 3376 1563 3451 1638; x_wconf 91' lang='lat' dir='ltr'>in</span> <span class='ocrx_word' id='word_1_50' title='bbox 3486 1563 3812 1659; x_wconf 85' lang='lat' dir='ltr'>speciali:</span> 
     </span>
     <span class='ocr_line' id='line_1_7' title="bbox 1473 1683 3817 1780; baseline 0 -22"><span class='ocrx_word' id='word_1_51' title='bbox 1473 1705 1516 1758; x_wconf 77' lang='lat' dir='ltr'>e</span> <span class='ocrx_word' id='word_1_52' title='bbox 1560 1687 1636 1758; x_wconf 78' lang='lat' dir='ltr'>di</span> <span class='ocrx_word' id='word_1_53' title='bbox 1683 1688 1854 1777; x_wconf 77' lang='lat' dir='ltr'>qual</span> <span class='ocrx_word' id='word_1_54' title='bbox 1897 1687 2226 1779; x_wconf 64' lang='lat' dir='ltr'>chiama,</span> <span class='ocrx_word' id='word_1_55' title='bbox 2278 1683 2484 1779; x_wconf 71' lang='lat' dir='ltr'>idest,</span> <span class='ocrx_word' id='word_1_56' title='bbox 2534 1685 2627 1760; x_wconf 90' lang='lat' dir='ltr'>de</span> <span class='ocrx_word' id='word_1_57' title='bbox 2676 1704 2827 1780; x_wconf 88' lang='lat' dir='ltr'>quo</span> <span class='ocrx_word' id='word_1_58' title='bbox 2874 1683 3176 1777; x_wconf 85' lang='lat' dir='ltr'>circulo,</span> <span class='ocrx_word' id='word_1_59' title='bbox 3219 1683 3393 1778; x_wconf 86' lang='lat' dir='ltr'>quia</span> <span class='ocrx_word' id='word_1_60' title='bbox 3444 1683 3657 1758; x_wconf 87' lang='lat' dir='ltr'>nimis</span> <span class='ocrx_word' id='word_1_61' title='bbox 3706 1683 3817 1758; x_wconf 82' lang='lat' dir='ltr'>vi-</span> 
     </span>
     <span class='ocr_line' id='line_1_8' title="bbox 1473 1803 3809 1902; baseline 0 -22"><span class='ocrx_word' id='word_1_62' title='bbox 1473 1803 1776 1880; x_wconf 79' lang='lat' dir='ltr'>deretur</span> <span class='ocrx_word' id='word_1_63' title='bbox 1827 1805 2207 1902; x_wconf 90' lang='lat' dir='ltr'>indignum</span> <span class='ocrx_word' id='word_1_64' title='bbox 2272 1805 2329 1880; x_wconf 89' lang='lat' dir='ltr'>si</span> <span class='ocrx_word' id='word_1_65' title='bbox 2392 1811 2584 1882; x_wconf 86' lang='lat' dir='ltr'>esset</span> <span class='ocrx_word' id='word_1_66' title='bbox 2640 1805 2917 1901; x_wconf 88' lang='lat' dir='ltr'>positus</span> <span class='ocrx_word' id='word_1_67' title='bbox 2976 1803 3049 1878; x_wconf 89' lang='lat' dir='ltr'>in</span> <span class='ocrx_word' id='word_1_68' title='bbox 3112 1803 3275 1880; x_wconf 83' lang='lat' dir='ltr'>loco</span> <span class='ocrx_word' id='word_1_69' title='bbox 3334 1805 3809 1880; x_wconf 88' lang='lat' dir='ltr'>tenebrarum</span> 
     </span>
     <span class='ocr_line' id='line_1_9' title="bbox 1473 1923 3813 2020; baseline 0 -22"><span class='ocrx_word' id='word_1_70' title='bbox 1473 1925 1603 2020; x_wconf 83' lang='lat' dir='ltr'>qui</span> <span class='ocrx_word' id='word_1_71' title='bbox 1654 1925 2089 2001; x_wconf 81' lang='lat' dir='ltr'>illuminavit</span> <span class='ocrx_word' id='word_1_72' title='bbox 2139 1932 2427 2001; x_wconf 88' lang='lat' dir='ltr'>tantum</span> <span class='ocrx_word' id='word_1_73' title='bbox 2466 1926 2763 2000; x_wconf 89' lang='lat' dir='ltr'>mundi:</span> <span class='ocrx_word' id='word_1_74' title='bbox 2814 1931 2890 2002; x_wconf 93' lang='lat' dir='ltr'>et</span> <span class='ocrx_word' id='word_1_75' title='bbox 2942 1923 3157 1998; x_wconf 80' lang='lat' dir='ltr'>nimis</span> <span class='ocrx_word' id='word_1_76' title='bbox 3188 1943 3270 2000; x_wconf 85' lang='lat' dir='ltr'>se</span> <span class='ocrx_word' id='word_1_77' title='bbox 3307 1924 3665 2018; x_wconf 87' lang='lat' dir='ltr'>humiliat,</span> <span class='ocrx_word' id='word_1_78' title='bbox 3705 1924 3813 1998; x_wconf 86' lang='lat' dir='ltr'>di-</span> 
     </span>
     <span class='ocr_line' id='line_1_10' title="bbox 1471 2047 3813 2140; baseline -0.001 -20"><span class='ocrx_word' id='word_1_79' title='bbox 1471 2065 1668 2140; x_wconf 84' lang='lat' dir='ltr'>cens,</span> <span class='ocrx_word' id='word_1_80' title='bbox 1719 2048 1777 2118; x_wconf 71' lang='grc' dir='ltr'>ε’</span> <span class='ocrx_word' id='word_1_81' title='bbox 1800 2049 1872 2119; x_wconf 81' lang='lat' dir='ltr'>io</span> <span class='ocrx_word' id='word_1_82' title='bbox 1919 2067 2052 2120; x_wconf 76' lang='lat' dir='ltr'>son</span> <span class='ocrx_word' id='word_1_83' title='bbox 2099 2047 2328 2138; x_wconf 69' lang='lat' dir='ltr'>dequo</span> <span class='ocrx_word' id='word_1_84' title='bbox 2378 2049 2449 2120; x_wconf 69' lang='grc' dir='ltr'>ἀ*</span> <span class='ocrx_word' id='word_1_85' title='bbox 2470 2049 2637 2120; x_wconf 72' lang='lat' dir='ltr'>udit-</span> <span class='ocrx_word' id='word_1_86' title='bbox 2686 2047 2749 2120; x_wconf 78' lang='lat' dir='ltr'>le</span> <span class='ocrx_word' id='word_1_87' title='bbox 2798 2053 2907 2118; x_wconf 78' lang='lat' dir='ltr'>tue</span> <span class='ocrx_word' id='word_1_88' title='bbox 2940 2047 3192 2138; x_wconf 80' lang='lat' dir='ltr'>parole</span> <span class='ocrx_word' id='word_1_89' title='bbox 3208 2070 3241 2137; x_wconf 91' lang='lat'><em>;</em></span> <span class='ocrx_word' id='word_1_90' title='bbox 3279 2063 3449 2139; x_wconf 83' lang='lat' dir='ltr'>quae</span> <span class='ocrx_word' id='word_1_91' title='bbox 3512 2063 3813 2118; x_wconf 89' lang='lat' dir='ltr'>merue—</span> 
     </span>
     <span class='ocr_line' id='line_1_11' title="bbox 1473 2163 3814 2262; baseline 0 -24"><span class='ocrx_word' id='word_1_92' title='bbox 1473 2173 1648 2240; x_wconf 89' lang='lat' dir='ltr'>runt</span> <span class='ocrx_word' id='word_1_93' title='bbox 1705 2166 2151 2242; x_wconf 90' lang='lat' dir='ltr'>audientiam</span> <span class='ocrx_word' id='word_1_94' title='bbox 2215 2166 2649 2262; x_wconf 81' lang='lat' dir='ltr'>principum,</span> <span class='ocrx_word' id='word_1_95' title='bbox 2708 2163 2860 2239; x_wconf 89' lang='lat' dir='ltr'>imo</span> <span class='ocrx_word' id='word_1_96' title='bbox 2918 2171 3393 2240; x_wconf 75' lang='lat' dir='ltr'>extorserunt</span> <span class='ocrx_word' id='word_1_97' title='bbox 3453 2164 3814 2260; x_wconf 85' lang='lat' dir='ltr'>lacrymas</span> 
     </span>
     <span class='ocr_line' id='line_1_12' title="bbox 1469 2285 3815 2384; baseline -0.001 -22"><span class='ocrx_word' id='word_1_98' title='bbox 1469 2287 1802 2384; x_wconf 78' lang='lat' dir='ltr'>Augusto</span> <span class='ocrx_word' id='word_1_99' title='bbox 1851 2287 2273 2384; x_wconf 89' lang='lat' dir='ltr'>dignissimo</span> <span class='ocrx_word' id='word_1_100' title='bbox 2322 2287 2621 2382; x_wconf 86' lang='lat' dir='ltr'>principi</span> <span class='ocrx_word' id='word_1_101' title='bbox 2676 2285 2898 2360; x_wconf 90' lang='lat' dir='ltr'>totius</span> <span class='ocrx_word' id='word_1_102' title='bbox 2936 2285 3158 2360; x_wconf 88' lang='lat' dir='ltr'>orbis.</span> <span class='ocrx_word' id='word_1_103' title='bbox 3186 2325 3287 2342; x_wconf 88' lang='lat'>--</span> <span class='ocrx_word' id='word_1_104' title='bbox 3313 2291 3451 2358; x_wconf 86' lang='lat' dir='ltr'>Per</span> <span class='ocrx_word' id='word_1_105' title='bbox 3484 2289 3651 2358; x_wconf 74' lang='lat' dir='ltr'>meti.</span> <span class='ocrx_word' id='word_1_106' title='bbox 3686 2285 3815 2360; x_wconf 89' lang='lat' dir='ltr'>Hic</span> 
     </span>
     <span class='ocr_line' id='line_1_13' title="bbox 1469 2403 3809 2504; baseline -0.002 -22"><span class='ocrx_word' id='word_1_107' title='bbox 1469 2415 1686 2504; x_wconf 89' lang='lat' dir='ltr'>poeta</span> <span class='ocrx_word' id='word_1_108' title='bbox 1737 2406 1940 2502; x_wconf 87' lang='lat' dir='ltr'>ponit</span> <span class='ocrx_word' id='word_1_109' title='bbox 1979 2406 2525 2501; x_wconf 82' lang='lat' dir='ltr'>responsionem</span> <span class='ocrx_word' id='word_1_110' title='bbox 2566 2405 2833 2503; x_wconf 87' lang='lat' dir='ltr'>Virgilii</span> <span class='ocrx_word' id='word_1_111' title='bbox 2868 2405 2960 2480; x_wconf 90' lang='lat' dir='ltr'>ad</span> <span class='ocrx_word' id='word_1_112' title='bbox 2996 2405 3303 2501; x_wconf 74' lang='lat' dir='ltr'>quaesita</span> <span class='ocrx_word' id='word_1_113' title='bbox 3338 2403 3645 2480; x_wconf 88' lang='lat' dir='ltr'>Sordelli</span> <span class='ocrx_word' id='word_1_114' title='bbox 3688 2405 3809 2498; x_wconf 91' lang='lat' dir='ltr'>qui</span> 
     </span>
     <span class='ocr_line' id='line_1_14' title="bbox 1469 2517 3811 2623; baseline -0.001 -23"><span class='ocrx_word' id='word_1_115' title='bbox 1469 2526 1710 2623; x_wconf 83' lang='lat' dir='ltr'>primo</span> <span class='ocrx_word' id='word_1_116' title='bbox 1743 2526 2132 2621; x_wconf 85' lang='lat' dir='ltr'>respondet</span> <span class='ocrx_word' id='word_1_117' title='bbox 2163 2525 2259 2600; x_wconf 91' lang='lat' dir='ltr'>ad</span> <span class='ocrx_word' id='word_1_118' title='bbox 2308 2524 2381 2599; x_wconf 91' lang='lat' dir='ltr'>id</span> <span class='ocrx_word' id='word_1_119' title='bbox 2432 2526 2629 2621; x_wconf 86' lang='lat' dir='ltr'>quod</span> <span class='ocrx_word' id='word_1_120' title='bbox 2662 2525 3025 2621; x_wconf 79' lang='lat' dir='ltr'>petiverat</span> <span class='ocrx_word' id='word_1_121' title='bbox 3053 2524 3429 2600; x_wconf 87' lang='lat' dir='ltr'>Sordellus</span> <span class='ocrx_word' id='word_1_122' title='bbox 3448 2517 3547 2620; x_wconf 85' lang='lat'>(¹),</span> <span class='ocrx_word' id='word_1_123' title='bbox 3587 2523 3647 2599; x_wconf 90' lang='lat' dir='ltr'>si</span> <span class='ocrx_word' id='word_1_124' title='bbox 3684 2543 3811 2598; x_wconf 82' lang='lat' dir='ltr'>ve·</span> 
     </span>
     <span class='ocr_line' id='line_1_15' title="bbox 1467 2646 3808 2745; baseline 0.001 -25"><span class='ocrx_word' id='word_1_125' title='bbox 1467 2647 1715 2722; x_wconf 86' lang='lat' dir='ltr'>niebat</span> <span class='ocrx_word' id='word_1_126' title='bbox 1763 2647 1859 2722; x_wconf 92' lang='lat' dir='ltr'>ab</span> <span class='ocrx_word' id='word_1_127' title='bbox 1910 2646 2219 2722; x_wconf 84' lang='lat' dir='ltr'>inferno.</span> <span class='ocrx_word' id='word_1_128' title='bbox 2272 2647 2456 2722; x_wconf 85' lang='lat' dir='ltr'>Dicit</span> <span class='ocrx_word' id='word_1_129' title='bbox 2506 2667 2736 2745; x_wconf 86' lang='lat' dir='ltr'>ergo:</span> <span class='ocrx_word' id='word_1_130' title='bbox 2790 2649 2909 2740; x_wconf 79' lang='lat' dir='ltr'>lui,</span> <span class='ocrx_word' id='word_1_131' title='bbox 2962 2646 3257 2741; x_wconf 88' lang='lat' dir='ltr'>scilicet,</span> <span class='ocrx_word' id='word_1_132' title='bbox 3309 2647 3651 2744; x_wconf 83' lang='lat' dir='ltr'>Virgilius</span> <span class='ocrx_word' id='word_1_133' title='bbox 3708 2646 3808 2722; x_wconf 88' lang='lat' dir='ltr'>sic</span> 
     </span>
     <span class='ocr_line' id='line_1_16' title="bbox 1465 2765 3807 2864; baseline -0.001 -23"><span class='ocrx_word' id='word_1_134' title='bbox 1465 2787 1886 2864; x_wconf 77' lang='lat' dir='ltr'>persuasuS,</span> <span class='ocrx_word' id='word_1_135' title='bbox 1936 2770 2207 2860; x_wconf 77' lang='lat' dir='ltr'>rispose</span> <span class='ocrx_word' id='word_1_136' title='bbox 2230 2793 2255 2840; x_wconf 92' lang='lat'>.·</span> <span class='ocrx_word' id='word_1_137' title='bbox 2302 2769 2374 2840; x_wconf 83' lang='lat' dir='ltr'>io</span> <span class='ocrx_word' id='word_1_138' title='bbox 2422 2788 2557 2840; x_wconf 75' lang='lat' dir='ltr'>son</span> <span class='ocrx_word' id='word_1_139' title='bbox 2606 2773 2853 2841; x_wconf 73' lang='lat' dir='ltr'>venato</span> <span class='ocrx_word' id='word_1_140' title='bbox 2885 2769 2962 2840; x_wconf 82' lang='lat' dir='ltr'>di</span> <span class='ocrx_word' id='word_1_141' title='bbox 2992 2787 3159 2859; x_wconf 79' lang='lat' dir='ltr'>qua,</span> <span class='ocrx_word' id='word_1_142' title='bbox 3194 2765 3486 2861; x_wconf 84' lang='lat' dir='ltr'>scilicet,</span> <span class='ocrx_word' id='word_1_143' title='bbox 3521 2767 3597 2840; x_wconf 90' lang='lat' dir='ltr'>in</span> <span class='ocrx_word' id='word_1_144' title='bbox 3630 2788 3807 2862; x_wconf 88' lang='lat' dir='ltr'>pur-</span> 
     </span>
     <span class='ocr_line' id='line_1_17' title="bbox 1464 2885 3807 2984; baseline -0.001 -22"><span class='ocrx_word' id='word_1_145' title='bbox 1464 2886 1885 2984; x_wconf 85' lang='lat' dir='ltr'>gatorium3</span> <span class='ocrx_word' id='word_1_146' title='bbox 1938 2892 2014 2962; x_wconf 88' lang='lat' dir='ltr'>et</span> <span class='ocrx_word' id='word_1_147' title='bbox 2060 2886 2237 2982; x_wconf 90' lang='lat' dir='ltr'>quia</span> <span class='ocrx_word' id='word_1_148' title='bbox 2287 2886 2409 2962; x_wconf 87' lang='lat' dir='ltr'>ille</span> <span class='ocrx_word' id='word_1_149' title='bbox 2456 2886 2741 2962; x_wconf 83' lang='lat' dir='ltr'>dixerat</span> <span class='ocrx_word' id='word_1_150' title='bbox 2790 2885 2884 2961; x_wconf 93' lang='lat' dir='ltr'>de</span> <span class='ocrx_word' id='word_1_151' title='bbox 2934 2906 3086 2980; x_wconf 88' lang='lat' dir='ltr'>quo</span> <span class='ocrx_word' id='word_1_152' title='bbox 3134 2886 3435 2980; x_wconf 88' lang='lat' dir='ltr'>circulo,</span> <span class='ocrx_word' id='word_1_153' title='bbox 3487 2885 3653 2961; x_wconf 89' lang='lat' dir='ltr'>ideo</span> <span class='ocrx_word' id='word_1_154' title='bbox 3701 2886 3807 2960; x_wconf 89' lang='lat' dir='ltr'>di-</span> 
     </span>
     <span class='ocr_line' id='line_1_18' title="bbox 1461 3005 3802 3102; baseline 0 -21"><span class='ocrx_word' id='word_1_155' title='bbox 1461 3007 1580 3102; x_wconf 87' lang='lat' dir='ltr'>cit,</span> <span class='ocrx_word' id='word_1_156' title='bbox 1626 3029 1758 3100; x_wconf 83' lang='lat' dir='ltr'>per</span> <span class='ocrx_word' id='word_1_157' title='bbox 1837 3010 1986 3080; x_wconf 81' lang='lat' dir='ltr'>tutti</span> <span class='ocrx_word' id='word_1_158' title='bbox 2043 3011 2072 3082; x_wconf 76' lang='lat' dir='ltr'>i</span> <span class='ocrx_word' id='word_1_159' title='bbox 2118 3010 2348 3082; x_wconf 71' lang='lat' dir='ltr'>cerem·</span> <span class='ocrx_word' id='word_1_160' title='bbox 2401 3009 2518 3080; x_wconf 81' lang='lat' dir='ltr'>del</span> <span class='ocrx_word' id='word_1_161' title='bbox 2560 3009 2831 3081; x_wconf 80' lang='lat' dir='ltr'>dolente</span> <span class='ocrx_word' id='word_1_162' title='bbox 2876 3027 3127 3099; x_wconf 62' lang='lat' dir='ltr'>regne,</span> <span class='ocrx_word' id='word_1_163' title='bbox 3194 3007 3490 3101; x_wconf 87' lang='lat' dir='ltr'>scilicet,</span> <span class='ocrx_word' id='word_1_164' title='bbox 3541 3005 3802 3082; x_wconf 80' lang='lat' dir='ltr'>inferni</span> 
     </span>
     <span class='ocr_line' id='line_1_19' title="bbox 1462 3125 3795 3222; baseline 0 -22"><span class='ocrx_word' id='word_1_165' title='bbox 1462 3127 1594 3222; x_wconf 86' lang='lat' dir='ltr'>qui</span> <span class='ocrx_word' id='word_1_166' title='bbox 1642 3133 1754 3202; x_wconf 92' lang='lat' dir='ltr'>est</span> <span class='ocrx_word' id='word_1_167' title='bbox 1803 3126 2006 3201; x_wconf 92' lang='lat' dir='ltr'>locus</span> <span class='ocrx_word' id='word_1_168' title='bbox 2055 3126 2391 3222; x_wconf 89' lang='lat' dir='ltr'>perpetui</span> <span class='ocrx_word' id='word_1_169' title='bbox 2440 3125 2729 3201; x_wconf 89' lang='lat' dir='ltr'>doloris.</span> <span class='ocrx_word' id='word_1_170' title='bbox 2782 3125 3059 3202; x_wconf 88' lang='lat' dir='ltr'>Deinde</span> <span class='ocrx_word' id='word_1_171' title='bbox 3118 3125 3505 3222; x_wconf 89' lang='lat' dir='ltr'>respondet</span> <span class='ocrx_word' id='word_1_172' title='bbox 3570 3126 3666 3201; x_wconf 92' lang='lat' dir='ltr'>ad</span> <span class='ocrx_word' id='word_1_173' title='bbox 3728 3127 3795 3201; x_wconf 89' lang='lat' dir='ltr'>id</span> 
     </span>
     <span class='ocr_line' id='line_1_20' title="bbox 1461 3238 3799 3344; baseline 0.001 -24"><span class='ocrx_word' id='word_1_174' title='bbox 1461 3245 1658 3341; x_wconf 82' lang='lat' dir='ltr'>quod</span> <span class='ocrx_word' id='word_1_175' title='bbox 1709 3245 1949 3342; x_wconf 91' lang='lat' dir='ltr'>primo</span> <span class='ocrx_word' id='word_1_176' title='bbox 1999 3245 2360 3341; x_wconf 86' lang='lat' dir='ltr'>petiverat</span> <span class='ocrx_word' id='word_1_177' title='bbox 2408 3243 2802 3341; x_wconf 73' lang='lat' dir='ltr'>SordelluS,</span> <span class='ocrx_word' id='word_1_178' title='bbox 2852 3245 3147 3340; x_wconf 84' lang='lat' dir='ltr'>scilicet,</span> <span class='ocrx_word' id='word_1_179' title='bbox 3198 3267 3369 3341; x_wconf 84' lang='lat' dir='ltr'>quae</span> <span class='ocrx_word' id='word_1_180' title='bbox 3398 3238 3475 3338; x_wconf 80' lang='lat'>(²)</span> <span class='ocrx_word' id='word_1_181' title='bbox 3526 3247 3799 3344; x_wconf 84' lang='lat' dir='ltr'>gratia3</span> 
     </span>
     <span class='ocr_line' id='line_1_21' title="bbox 1459 3360 3802 3463; baseline 0 -22"><span class='ocrx_word' id='word_1_182' title='bbox 1459 3371 1535 3441; x_wconf 82' lang='lat' dir='ltr'>et</span> <span class='ocrx_word' id='word_1_183' title='bbox 1583 3365 1792 3441; x_wconf 87' lang='lat' dir='ltr'>dicit:</span> <span class='ocrx_word' id='word_1_184' title='bbox 1845 3360 2042 3441; x_wconf 68' lang='lat' dir='ltr'>vereri</span> <span class='ocrx_word' id='word_1_185' title='bbox 2087 3367 2204 3439; x_wconf 86' lang='lat' dir='ltr'>del</span> <span class='ocrx_word' id='word_1_186' title='bbox 2240 3368 2391 3458; x_wconf 78' lang='lat' dir='ltr'>ciel,</span> <span class='ocrx_word' id='word_1_187' title='bbox 2430 3364 2725 3461; x_wconf 88' lang='lat' dir='ltr'>scilicet,</span> <span class='ocrx_word' id='word_1_188' title='bbox 2758 3365 2997 3463; x_wconf 87' lang='lat' dir='ltr'>gratia</span> <span class='ocrx_word' id='word_1_189' title='bbox 3030 3367 3484 3463; x_wconf 71' lang='lat' dir='ltr'>praeveniens</span> <span class='ocrx_word' id='word_1_190' title='bbox 3518 3374 3593 3443; x_wconf 88' lang='lat' dir='ltr'>et</span> <span class='ocrx_word' id='word_1_191' title='bbox 3628 3367 3802 3442; x_wconf 90' lang='lat' dir='ltr'>sub-</span> 
     </span>
     <span class='ocr_line' id='line_1_22' title="bbox 1459 3486 3799 3582; baseline 0.001 -22"><span class='ocrx_word' id='word_1_192' title='bbox 1459 3507 1778 3581; x_wconf 83' lang='lat' dir='ltr'>sequens</span> <span class='ocrx_word' id='word_1_193' title='bbox 1839 3492 1917 3561; x_wconf 92' lang='lat' dir='ltr'>et</span> <span class='ocrx_word' id='word_1_194' title='bbox 1989 3486 2309 3582; x_wconf 83' lang='lat' dir='ltr'>Beatrix,</span> <span class='ocrx_word' id='word_1_195' title='bbox 2378 3490 2475 3561; x_wconf 83' lang='lat' dir='ltr'>mi</span> <span class='ocrx_word' id='word_1_196' title='bbox 2532 3508 2782 3579; x_wconf 66' lang='lat' dir='ltr'>mosae,</span> <span class='ocrx_word' id='word_1_197' title='bbox 2844 3494 2927 3562; x_wconf 91' lang='lat' dir='ltr'>ut</span> <span class='ocrx_word' id='word_1_198' title='bbox 2980 3495 3359 3563; x_wconf 89' lang='lat' dir='ltr'>ostensum</span> <span class='ocrx_word' id='word_1_199' title='bbox 3426 3495 3537 3564; x_wconf 90' lang='lat' dir='ltr'>est</span> <span class='ocrx_word' id='word_1_200' title='bbox 3602 3490 3799 3563; x_wconf 90' lang='lat' dir='ltr'>clare</span> 
     </span>
     <span class='ocr_line' id='line_1_23' title="bbox 1457 3606 3801 3703; baseline 0.002 -24"><span class='ocrx_word' id='word_1_201' title='bbox 1457 3606 1518 3679; x_wconf 82' lang='lat'>11</span> <span class='ocrx_word' id='word_1_202' title='bbox 1582 3606 1900 3701; x_wconf 90' lang='lat' dir='ltr'>capitulo</span> <span class='ocrx_word' id='word_1_203' title='bbox 1973 3607 2262 3702; x_wconf 83' lang='lat' dir='ltr'>Inferni,</span> <span class='ocrx_word' id='word_1_204' title='bbox 2336 3628 2373 3679; x_wconf 80' lang='lat' dir='ltr'>e</span> <span class='ocrx_word' id='word_1_205' title='bbox 2434 3628 2568 3681; x_wconf 84' lang='lat' dir='ltr'>con</span> <span class='ocrx_word' id='word_1_206' title='bbox 2632 3610 2719 3681; x_wconf 83' lang='lat' dir='ltr'>lei</span> <span class='ocrx_word' id='word_1_207' title='bbox 2792 3628 3059 3702; x_wconf 69' lang='lat' dir='ltr'>veqno3</span> <span class='ocrx_word' id='word_1_208' title='bbox 3126 3608 3247 3683; x_wconf 88' lang='lat' dir='ltr'>illa</span> <span class='ocrx_word' id='word_1_209' title='bbox 3322 3628 3615 3703; x_wconf 85' lang='lat' dir='ltr'>semper</span> <span class='ocrx_word' id='word_1_210' title='bbox 3672 3608 3801 3703; x_wconf 84' lang='lat' dir='ltr'>ju-</span> 
     </span>
     <span class='ocr_line' id='line_1_24' title="bbox 1456 3726 3797 3823; baseline 0.001 -22"><span class='ocrx_word' id='word_1_211' title='bbox 1456 3732 1678 3801; x_wconf 81' lang='lat' dir='ltr'>vante</span> <span class='ocrx_word' id='word_1_212' title='bbox 1724 3731 1802 3801; x_wconf 89' lang='lat' dir='ltr'>et</span> <span class='ocrx_word' id='word_1_213' title='bbox 1849 3726 2305 3802; x_wconf 86' lang='lat' dir='ltr'>custodiente</span> <span class='ocrx_word' id='word_1_214' title='bbox 2338 3748 2461 3803; x_wconf 93' lang='lat' dir='ltr'>me</span> <span class='ocrx_word' id='word_1_215' title='bbox 2494 3748 2629 3821; x_wconf 89' lang='lat' dir='ltr'>per</span> <span class='ocrx_word' id='word_1_216' title='bbox 2662 3727 2820 3803; x_wconf 90' lang='lat' dir='ltr'>loca</span> <span class='ocrx_word' id='word_1_217' title='bbox 2858 3733 3010 3802; x_wconf 86' lang='lat' dir='ltr'>tam</span> <span class='ocrx_word' id='word_1_218' title='bbox 3046 3748 3306 3822; x_wconf 87' lang='lat' dir='ltr'>aspera</span> <span class='ocrx_word' id='word_1_219' title='bbox 3348 3736 3425 3802; x_wconf 93' lang='lat' dir='ltr'>et</span> <span class='ocrx_word' id='word_1_220' title='bbox 3472 3728 3797 3823; x_wconf 89' lang='lat' dir='ltr'>pericula</span> 
     </span>
     <span class='ocr_line' id='line_1_25' title="bbox 1455 3846 3793 3944; baseline 0.001 -24"><span class='ocrx_word' id='word_1_221' title='bbox 1455 3850 1678 3921; x_wconf 86' lang='lat' dir='ltr'>tanta.</span> <span class='ocrx_word' id='word_1_222' title='bbox 1732 3846 1821 3920; x_wconf 89' lang='lat' dir='ltr'>Et</span> <span class='ocrx_word' id='word_1_223' title='bbox 1870 3846 2042 3942; x_wconf 88' lang='lat' dir='ltr'>quia</span> <span class='ocrx_word' id='word_1_224' title='bbox 2095 3846 2471 3922; x_wconf 87' lang='lat' dir='ltr'>Sordellus</span> <span class='ocrx_word' id='word_1_225' title='bbox 2519 3854 2763 3942; x_wconf 88' lang='lat' dir='ltr'>posset</span> <span class='ocrx_word' id='word_1_226' title='bbox 2811 3853 3087 3944; x_wconf 88' lang='lat' dir='ltr'>petere,</span> <span class='ocrx_word' id='word_1_227' title='bbox 3124 3848 3299 3943; x_wconf 90' lang='lat' dir='ltr'>quid</span> <span class='ocrx_word' id='word_1_228' title='bbox 3348 3848 3515 3922; x_wconf 87' lang='lat' dir='ltr'>mali</span> <span class='ocrx_word' id='word_1_229' title='bbox 3572 3848 3793 3923; x_wconf 83' lang='lat' dir='ltr'>fecisti</span> 
     </span>
     <span class='ocr_line' id='line_1_26' title="bbox 1452 3968 3797 4065; baseline 0.002 -25"><span class='ocrx_word' id='word_1_230' title='bbox 1452 3974 1752 4062; x_wconf 85' lang='lat' dir='ltr'>propter</span> <span class='ocrx_word' id='word_1_231' title='bbox 1823 3968 2019 4062; x_wconf 92' lang='lat' dir='ltr'>quod</span> <span class='ocrx_word' id='word_1_232' title='bbox 2080 3968 2176 4043; x_wconf 88' lang='lat' dir='ltr'>sis</span> <span class='ocrx_word' id='word_1_233' title='bbox 2244 3968 2655 4063; x_wconf 75' lang='lat' dir='ltr'>damnatuS,</span> <span class='ocrx_word' id='word_1_234' title='bbox 2706 3969 2879 4044; x_wconf 88' lang='lat' dir='ltr'>dicit</span> <span class='ocrx_word' id='word_1_235' title='bbox 2926 3968 3306 4065; x_wconf 84' lang='lat' dir='ltr'>Virgilius:</span> <span class='ocrx_word' id='word_1_236' title='bbox 3357 3970 3447 4043; x_wconf 68' lang='lat' dir='ltr'>tao</span> <span class='ocrx_word' id='word_1_237' title='bbox 3496 3972 3797 4063; x_wconf 79' lang='lat' dir='ltr'>perduto</span> 
     </span>
     <span class='ocr_line' id='line_1_27' title="bbox 1452 4088 3793 4186; baseline 0.002 -25"><span class='ocrx_word' id='word_1_238' title='bbox 1452 4090 1528 4161; x_wconf 72' lang='lat' dir='ltr'>di</span> <span class='ocrx_word' id='word_1_239' title='bbox 1573 4090 1784 4161; x_wconf 77' lang='lat' dir='ltr'>veder-</span> <span class='ocrx_word' id='word_1_240' title='bbox 1833 4090 1878 4161; x_wconf 87' lang='lat' dir='ltr'>l’</span> <span class='ocrx_word' id='word_1_241' title='bbox 1903 4091 2048 4162; x_wconf 80' lang='lat' dir='ltr'>alto</span> <span class='ocrx_word' id='word_1_242' title='bbox 2079 4092 2215 4179; x_wconf 81' lang='lat' dir='ltr'>sol,</span> <span class='ocrx_word' id='word_1_243' title='bbox 2250 4088 2546 4184; x_wconf 84' lang='lat' dir='ltr'>scilicet,</span> <span class='ocrx_word' id='word_1_244' title='bbox 2586 4090 2814 4165; x_wconf 92' lang='lat' dir='ltr'>solem</span> <span class='ocrx_word' id='word_1_245' title='bbox 2858 4089 3184 4186; x_wconf 63' lang='lat' dir='ltr'>justitiae,</span> <span class='ocrx_word' id='word_1_246' title='bbox 3220 4090 3481 4185; x_wconf 89' lang='lat' dir='ltr'>Deum,</span> <span class='ocrx_word' id='word_1_247' title='bbox 3518 4092 3648 4185; x_wconf 88' lang='lat' dir='ltr'>qui</span> <span class='ocrx_word' id='word_1_248' title='bbox 3684 4098 3793 4165; x_wconf 88' lang='lat' dir='ltr'>est</span> 
     </span>
     <span class='ocr_line' id='line_1_28' title="bbox 1452 4207 3793 4306; baseline 0.001 -25"><span class='ocrx_word' id='word_1_249' title='bbox 1452 4207 1666 4282; x_wconf 86' lang='lat' dir='ltr'>altior</span> <span class='ocrx_word' id='word_1_250' title='bbox 1715 4210 1870 4285; x_wconf 90' lang='lat' dir='ltr'>sole</span> <span class='ocrx_word' id='word_1_251' title='bbox 1917 4210 2259 4303; x_wconf 88' lang='lat' dir='ltr'>sensibili,</span> <span class='ocrx_word' id='word_1_252' title='bbox 2310 4216 2387 4285; x_wconf 91' lang='lat' dir='ltr'>et</span> <span class='ocrx_word' id='word_1_253' title='bbox 2435 4210 2635 4284; x_wconf 90' lang='lat' dir='ltr'>omni</span> <span class='ocrx_word' id='word_1_254' title='bbox 2688 4230 3001 4306; x_wconf 85' lang='lat' dir='ltr'>corpore</span> <span class='ocrx_word' id='word_1_255' title='bbox 3048 4230 3274 4305; x_wconf 87' lang='lat' dir='ltr'>super</span> <span class='ocrx_word' id='word_1_256' title='bbox 3324 4213 3627 4305; x_wconf 84' lang='lat' dir='ltr'>coelesti,</span> <span class='ocrx_word' id='word_1_257' title='bbox 3675 4214 3793 4285; x_wconf 73' lang='lat' dir='ltr'>che</span> 
     </span>
     <span class='ocr_line' id='line_1_29' title="bbox 1451 4327 3786 4425; baseline 0.002 -24"><span class='ocrx_word' id='word_1_258' title='bbox 1451 4334 1524 4401; x_wconf 72' lang='lat' dir='ltr'>iu</span> <span class='ocrx_word' id='word_1_259' title='bbox 1558 4330 1785 4419; x_wconf 60' lang='lat' dir='ltr'>disin,</span> <span class='ocrx_word' id='word_1_260' title='bbox 1821 4327 2025 4422; x_wconf 89' lang='lat' dir='ltr'>idest,</span> <span class='ocrx_word' id='word_1_261' title='bbox 2062 4350 2289 4423; x_wconf 90' lang='lat' dir='ltr'>quem</span> <span class='ocrx_word' id='word_1_262' title='bbox 2330 4335 2409 4403; x_wconf 89' lang='lat' dir='ltr'>tu</span> <span class='ocrx_word' id='word_1_263' title='bbox 2445 4328 2815 4411; x_wconf 88' lang='lat' dir='ltr'>desideras</span> <span class='ocrx_word' id='word_1_264' title='bbox 2846 4350 3019 4405; x_wconf 91' lang='lat' dir='ltr'>cum</span> <span class='ocrx_word' id='word_1_265' title='bbox 3055 4337 3257 4404; x_wconf 89' lang='lat' dir='ltr'>certa</span> <span class='ocrx_word' id='word_1_266' title='bbox 3298 4349 3427 4425; x_wconf 87' lang='lat' dir='ltr'>spe</span> <span class='ocrx_word' id='word_1_267' title='bbox 3476 4330 3786 4425; x_wconf 86' lang='lat' dir='ltr'>videndi,</span> 
     </span>
     <span class='ocr_line' id='line_1_30' title="bbox 1450 4450 3785 4545; baseline 0.001 -23"><span class='ocrx_word' id='word_1_268' title='bbox 1450 4468 1590 4544; x_wconf 84' lang='lat' dir='ltr'>ego</span> <span class='ocrx_word' id='word_1_269' title='bbox 1639 4468 1821 4523; x_wconf 88' lang='lat' dir='ltr'>vero</span> <span class='ocrx_word' id='word_1_270' title='bbox 1871 4450 2028 4523; x_wconf 85' lang='lat' dir='ltr'>sine</span> <span class='ocrx_word' id='word_1_271' title='bbox 2077 4469 2245 4545; x_wconf 85' lang='lat' dir='ltr'>spe3</span> <span class='ocrx_word' id='word_1_272' title='bbox 2280 4472 2319 4523; x_wconf 83' lang='lat' dir='ltr'>e</span> <span class='ocrx_word' id='word_1_273' title='bbox 2360 4452 2481 4523; x_wconf 71' lang='lat' dir='ltr'>che</span> <span class='ocrx_word' id='word_1_274' title='bbox 2512 4454 2595 4545; x_wconf 81' lang='lat' dir='ltr'>su</span> <span class='ocrx_word' id='word_1_275' title='bbox 2629 4453 2820 4524; x_wconf 73' lang='lat' dir='ltr'>tardi</span> <span class='ocrx_word' id='word_1_276' title='bbox 2840 4472 2979 4543; x_wconf 82' lang='lat' dir='ltr'>per</span> <span class='ocrx_word' id='word_1_277' title='bbox 3022 4470 3129 4523; x_wconf 77' lang='lat' dir='ltr'>me</span> <span class='ocrx_word' id='word_1_278' title='bbox 3160 4453 3579 4541; x_wconf 75' lang='lat' dir='ltr'>conosoiuto,</span> <span class='ocrx_word' id='word_1_279' title='bbox 3616 4450 3785 4545; x_wconf 84' lang='lat' dir='ltr'>quia</span> 
     </span>
     <span class='ocr_line' id='line_1_31' title="bbox 1450 4566 3787 4668; baseline 0.003 -29"><span class='ocrx_word' id='word_1_280' title='bbox 1450 4566 1720 4642; x_wconf 87' lang='lat' dir='ltr'>scilicet</span> <span class='ocrx_word' id='word_1_281' title='bbox 1766 4570 2006 4643; x_wconf 89' lang='lat' dir='ltr'>solum</span> <span class='ocrx_word' id='word_1_282' title='bbox 2043 4575 2206 4664; x_wconf 90' lang='lat' dir='ltr'>post</span> <span class='ocrx_word' id='word_1_283' title='bbox 2242 4577 2582 4665; x_wconf 90' lang='lat' dir='ltr'>mortem,</span> <span class='ocrx_word' id='word_1_284' title='bbox 2618 4570 2890 4646; x_wconf 85' lang='lat' dir='ltr'>scilicet</span> <span class='ocrx_word' id='word_1_285' title='bbox 2920 4570 3218 4665; x_wconf 89' lang='lat' dir='ltr'>quando</span> <span class='ocrx_word' id='word_1_286' title='bbox 3249 4570 3579 4646; x_wconf 88' lang='lat' dir='ltr'>Christus</span> <span class='ocrx_word' id='word_1_287' title='bbox 3620 4592 3787 4668; x_wconf 89' lang='lat' dir='ltr'>spo·-</span> 
     </span>
     <span class='ocr_line' id='line_1_32' title="bbox 1449 4685 3790 4787; baseline 0.003 -28"><span class='ocrx_word' id='word_1_288' title='bbox 1449 4685 1650 4761; x_wconf 86' lang='lat' dir='ltr'>liavit</span> <span class='ocrx_word' id='word_1_289' title='bbox 1699 4687 2033 4784; x_wconf 85' lang='lat' dir='ltr'>limbum,</span> <span class='ocrx_word' id='word_1_290' title='bbox 2086 4690 2381 4784; x_wconf 90' lang='lat' dir='ltr'>quando</span> <span class='ocrx_word' id='word_1_291' title='bbox 2434 4710 2581 4765; x_wconf 82' lang='lat' dir='ltr'>non</span> <span class='ocrx_word' id='word_1_292' title='bbox 2628 4696 2789 4765; x_wconf 87' lang='lat' dir='ltr'>erat</span> <span class='ocrx_word' id='word_1_293' title='bbox 2826 4691 3142 4787; x_wconf 87' lang='lat' dir='ltr'>amplius</span> <span class='ocrx_word' id='word_1_294' title='bbox 3186 4690 3631 4785; x_wconf 81' lang='lat' dir='ltr'>poenitentiae</span> <span class='ocrx_word' id='word_1_295' title='bbox 3682 4692 3790 4766; x_wconf 87' lang='lat' dir='ltr'>lo-</span> 
     </span>
     <span class='ocr_line' id='line_1_33' title="bbox 1448 4807 3777 4905; baseline 0.002 -24"><span class='ocrx_word' id='word_1_296' title='bbox 1448 4826 1580 4881; x_wconf 85' lang='lat' dir='ltr'>cus</span> <span class='ocrx_word' id='word_1_297' title='bbox 1645 4828 1780 4901; x_wconf 91' lang='lat' dir='ltr'>pro</span> <span class='ocrx_word' id='word_1_298' title='bbox 1842 4807 2160 4905; x_wconf 81' lang='lat' dir='ltr'>Virgilio,</span> <span class='ocrx_word' id='word_1_299' title='bbox 2230 4830 2375 4883; x_wconf 80' lang='lat' dir='ltr'>non</span> <span class='ocrx_word' id='word_1_300' title='bbox 2424 4832 2561 4903; x_wconf 84' lang='lat' dir='ltr'>per</span> <span class='ocrx_word' id='word_1_301' title='bbox 2633 4814 2823 4905; x_wconf 80' lang='lat' dir='ltr'>sare,</span> <span class='ocrx_word' id='word_1_302' title='bbox 2884 4810 3155 4886; x_wconf 88' lang='lat' dir='ltr'>scilicet</span> <span class='ocrx_word' id='word_1_303' title='bbox 3225 4817 3547 4905; x_wconf 85' lang='lat' dir='ltr'>peccata,</span> <span class='ocrx_word' id='word_1_304' title='bbox 3608 4810 3777 4905; x_wconf 92' lang='lat' dir='ltr'>quia</span> 
     </span>
    </p>
   </div>
   <div class='ocr_carea' id='block_1_3' title="bbox 1573 5040 3663 5123">
    <p class='ocr_par' dir='ltr' id='par_1_3' title="bbox 1573 5040 3663 5123">
     <span class='ocr_line' id='line_1_34' title="bbox 1573 5040 3663 5123; baseline 0.002 -19"><span class='ocrx_word' id='word_1_305' title='bbox 1573 5052 1626 5117; x_wconf 87' lang='lat'>(¹)</span> <span class='ocrx_word' id='word_1_306' title='bbox 1659 5054 1718 5104; x_wconf 89' lang='lat' dir='ltr'>E.</span> <span class='ocrx_word' id='word_1_307' title='bbox 1754 5054 2038 5117; x_wconf 73' lang='lat' dir='ltr'>Sordellus,</span> <span class='ocrx_word' id='word_1_308' title='bbox 2069 5040 2402 5122; x_wconf 73' lang='lat' dir='ltr'>seilioet&#39;qun</span> <span class='ocrx_word' id='word_1_309' title='bbox 2434 5060 2615 5123; x_wconf 59' lang='lat' dir='ltr'>aaut,</span> <span class='ocrx_word' id='word_1_310' title='bbox 2648 5064 2702 5111; x_wconf 83' lang='lat' dir='ltr'>et</span> <span class='ocrx_word' id='word_1_311' title='bbox 2734 5060 2793 5110; x_wconf 80' lang='lat' dir='ltr'>si.</span> <span class='ocrx_word' id='word_1_312' title='bbox 3166 5057 3221 5121; x_wconf 83' lang='lat'>(¹)</span> <span class='ocrx_word' id='word_1_313' title='bbox 3252 5058 3315 5109; x_wconf 84' lang='grc' dir='ltr'>Β.</span> <span class='ocrx_word' id='word_1_314' title='bbox 3347 5072 3448 5121; x_wconf 75' lang='lat' dir='ltr'>qua</span> <span class='ocrx_word' id='word_1_315' title='bbox 3480 5060 3663 5123; x_wconf 73' lang='lat' dir='ltr'>gratia.</span> 
     </span>
    </p>
   </div>
  </div>
 </body>
</html>
