4392 6850
1486 923 1519 988 1
1538 923 1626 988 12
2197 933 2609 990 commun
2658 935 3100 992 PunGA‘ronu

1478 1099 1651 1153 rum
1704 1081 2336 1175 superbissimum.
2364 1080 2473 1154 Ex
2506 1081 2617 1154 his
2652 1101 2834 1178 ergo
2870 1079 3034 1156 vide
3068 1082 3267 1176 quod
3302 1089 3517 1176 poeta
3554 1088 3827 1178 noster,

1479 1198 1553 1272 in
1589 1199 1722 1274 ista
1757 1201 2066 1276 materia
2119 1201 2194 1275 in
2244 1222 2393 1295 qua
2448 1207 2709 1276 tractat
2758 1199 2851 1276 de
2908 1199 3299 1276 rebellibus
3344 1201 3695 1296 ecclesiae,
3736 1203 3829 1278 de

1478 1318 1832 1396 industria
1885 1322 2106 1418 elegit
2139 1320 2273 1397 sibi
2311 1324 2497 1397 banc
2531 1320 2861 1417 domum,
2899 1343 3047 1416 qua
3082 1321 3281 1397 nulla
3319 1345 3649 1418 unquam
3688 1323 3825 1398 fuit

1474 1437 1800 1514 infestior
1851 1442 2217 1537 ecclesiae3
2269 1443 2362 1517 de
2423 1463 2573 1536 qua
2634 1443 2856 1517 domo
2915 1449 3152 1538 potest
3211 1443 3350 1519 dici
3402 1442 3579 1518 illud
3632 1443 3827 1538 quod

1479 1558 1651 1634 dicit
1681 1561 2026 1636 Lucanus
2057 1563 2150 1638 de
2184 1562 2410 1638 domo
2445 1563 2929 1658 pompeiana:
2977 1569 3038 1637 0
3086 1565 3495 1638 miseranda
3535 1567 3829 1638 domus!

1477 1682 1566 1756 Et
1615 1681 1856 1756 subdit
1905 1683 2323 1760 Manfredus
2360 1683 2557 1779 quod
2590 1683 2755 1759 licet
2790 1683 2892 1759 sic
2926 1683 3212 1779 dixerit,
3248 1683 3341 1759 de
3375 1685 3595 1783 longo
3634 1691 3827 1758 tem-

1475 1822 1658 1897 pore
1709 1803 2172 1900 relegationis
2229 1809 2467 1900 potest
2532 1805 2850 1879 breviari
2910 1805 3253 1900 precibus
3304 1804 3565 1900 justis3
3631 1805 3825 1880 unde

1475 1920 1690 1996 dicit:
1741 1927 1942 1997 salvo
1989 1945 2065 1998 se
2129 1927 2235 1998 tal
2279 1925 2579 2016 decreto,
2632 1923 2836 2020 idest,
2879 1923 3243 2022 Judicium
3292 1925 3448 2019 Dei,
3499 1945 3647 1998 non
3710 1926 3823 1998 di·-

1475 2049 1681 2116 venta
1702 2039 1828 2136 piel
1863 2051 2059 2117 corto
2083 2065 2221 2137 per
2253 2045 2435 2118 buon
2474 2047 2773 2138 prieqlai.
2816 2045 2907 2119 Et
2939 2044 3201 2120 ultimo
3249 2045 3619 2119 concludit
3651 2063 3822 2118 ora-

1477 2161 1748 2239 tionem
1785 2185 2020 2259 suam,
2056 2165 2353 2240 dicens:
2406 2167 2565 2239 vedi
2594 2169 2881 2239 oramai
2924 2187 3001 2239 se
3032 2173 3103 2239 tu
3136 2167 3235 2239 mi
3274 2169 3446 2258 puoi
3486 2169 3615 2260 far
3666 2147 3821 2238 licto

1469 2285 1850 2358 revelando
1899 2285 2047 2360 alla
2115 2289 2260 2358 mia
2317 2282 2550 2359 buond
2605 2287 2990 2378 Gostanza,
3044 2283 3335 2381 scilicet,
3406 2283 3572 2358 filiae
3642 2305 3821 2379 suae,

1469 2425 1640 2500 quae
1689 2405 1982 2480 vivebat
2029 2405 2293 2501 adbuc,
2346 2411 2419 2482 et
2468 2407 2545 2480 in
2596 2427 2745 2501 qua
2798 2407 2949 2480 sola
3000 2405 3340 2502 sperabat
3390 2405 3465 2478 in
3516 2403 3819 2500 mund0,

1469 2521 1664 2620 quae'
1699 2527 1834 2600 fuit
1897 2527 2461 2602 clementissima
2523 2525 2843 2622 domina,
2902 2525 2995 2602 de
3055 2547 3202 2621 qua
3272 2547 3467 2622 saepe
3533 2525 3819 2600 dicetur

1467 2647 1712 2722 adhuc
1761 2647 1834 2721 in
1887 2647 2024 2723 isto
2063 2647 2272 2724 libro.
2309 2650 2399 2722 Et
2432 2647 2700 2724 merito
2733 2655 2951 2723 vocat
2984 2647 3479 2722 Constantiam
3516 2645 3811 2741 bonam,

1470 2788 1638 2866 quae
1689 2769 1923 2843 noluit
1985 2769 2172 2844 mori
2238 2769 2314 2844 in
2378 2769 2875 2866 indignatione
2936 2767 3283 2864 ecoloeiae‚
3356 2768 3541 2844 sicut
3606 2773 3815 2863 pater

1468 2908 1652 2963 suus
1698 2889 2133 2963 Mansredus.
2189 2888 2395 2965 Unde
2451 2889 2651 2964 venit
2715 2890 3028 2963 Romam
3089 2908 3261 2963 cum
3316 2907 3495 2985 rege
3545 2885 3815 2962 Iacobo

1469 3010 1615 3085 filio
1645 3031 1804 3106 su0‚
1834 3016 1907 3085 et
1942 3011 2571 3086 recommunicata
2600 3018 2709 3086 est
2744 3009 3089 3105 ecclesiae,
3126 3031 3317 3083 come
3348 3011 3580 3083 m’hai
3612 3011 3811 3099 πετο,

1466 3130 1672 3224 idest,
1737 3130 2049 3224 qualiter
2114 3129 2351 3205 vidisti
2402 3150 2527 3205 me
2585 3129 2897 3225 salvum,
2950 3137 3017 3203 et
3077 3131 3295 3203 anche
3342 3137 3485 3204 esto
3534 3131 3810 3221 cliviam,

1465 3249 1758 3346 scilicet,
1787 3250 2102 3344 qualiter
2134 3257 2346 3325 vetor
2386 3251 2663 3326 intrare
2702 3250 3243 3347 purgatorium,
3276 3251 3397 3322 che
3428 3252 3572 3342 qui,
3606 3247 3813 3343 idest,

1465 3368 1542 3443 in
1608 3369 1747 3445 isto
1815 3371 1999 3467 loce,
2053 3373 2265 3445 mollo
2312 3373 2369 3445 ε’
2388 3393 2680 3446 avanza
2731 3392 2868 3466 per
2917 3373 3075 3465 quei
3136 3373 3211 3445 di
3264 3359 3364 3464 td,
3414 3369 3620 3467 idest,
3674 3389 3808 3467 per

1465 3488 1792 3567 viventes
1843 3490 1918 3567 in
1967 3490 2237 3567 saeculo
2289 3494 2534 3568 vestro
2583 3492 2676 3568 ad
2727 3492 2925 3588 quod
2976 3490 3348 3567 rediturus
3398 3512 3498 3567 es,
