4392 6850
1292 960 1570 1017 (umus
1619 962 1936 1021 omnus
1981 964 2270 1019 nimus·
2804 953 2941 1025 311

589 1106 1008 1185 suasionem
1077 1106 1312 1183 inanis
1379 1106 1662 1203 gloriae,
1729 1108 2151 1203 ostendens,
2228 1130 2455 1203 quam
2530 1110 2799 1185 inutilis
2874 1118 2949 1189 et

588 1248 826 1303 vanus
873 1234 988 1303 est
1013 1221 1086 1319 (¹)
1131 1227 1293 1303 eius
1340 1228 1726 1322 appetitus,
1767 1228 1939 1323 quia
1985 1229 2403 1323 paucissimi
2454 1238 2625 1305 sunt
2674 1251 2941 1326 perve-

590 1348 870 1428 nientes
899 1340 976 1441 (²)
1025 1348 1120 1423 ad
1169 1368 1550 1423 summum
1601 1349 1877 1445 gloriae,
1927 1356 2002 1425 et
2064 1370 2241 1425 cum
2307 1352 2778 1445 pervenerint
2826 1374 2950 1429 ra-

591 1469 878 1545 rissime
926 1468 1160 1565 gloria
1210 1468 1335 1543 diu
1385 1468 1626 1543 durat.
1678 1469 1768 1544 Et
1815 1469 1991 1563 quia
2031 1469 2164 1544 ista
2200 1470 2409 1545 litera
2461 1470 2752 1547 videtur
2800 1494 2948 1550 non

595 1588 966 1665 modicum
1034 1588 1376 1681 obseura,
1445 1590 1615 1664 volo
1687 1594 1761 1663 te
1827 1594 2110 1683 notare,
2171 1590 2369 1683 quod
2442 1591 2653 1665 multi
2712 1592 2947 1671 multa

594 1728 784 1785 vana
829 1708 1174 1783 dixerunt
1207 1706 1298 1783 ad
1342 1708 1530 1783 illius
1563 1708 2116 1803 expositionem.
2151 1708 2391 1803 Aliqui
2436 1711 2633 1787 enim
2674 1711 2945 1807 dicunt,

595 1828 797 1923 quod
844 1826 1078 1925 gloria
1129 1848 1395 1923 parum
1447 1828 1690 1923 durat,
1741 1834 1816 1905 et
1863 1828 2008 1905 cito
2041 1828 2329 1923 arescit,
2372 1830 2506 1905 nisi
2546 1831 2947 1929 attingatur

593 1949 689 2026 ab
739 1948 1076 2025 aetatibus
1127 1948 1419 2045 grossis,
1481 1949 1688 2043 idest,
1741 1950 1836 2025 ab
1898 1950 2217 2045 antiquis
2288 1951 2752 2047 sapientibus,
2818 1952 2947 2045 qui

595 2070 836 2147 sciunt
885 2070 992 2147 uti
1041 2090 1131 2147 ea
1183 2070 1584 2147 moderate.
1639 2070 1780 2147 Sed
1831 2071 2025 2147 istud
2061 2072 2235 2148 nihil
2270 2072 2487 2166 valet,
2524 2071 2693 2167 quia
2735 2071 2943 2147 multi

586 2192 902 2288 juvenes
949 2192 1521 2287 intemperantes
1571 2192 2022 2267 mundanam
2073 2193 2387 2289 gloriam
2440 2192 2945 2285 obtinuerunt,

593 2311 781 2389 sicut
815 2310 1226 2387 Alexander
1260 2312 1582 2407 Macedo,
1623 2312 1838 2387 cuius
1881 2318 2136 2407 pectus
2169 2313 2307 2387 suit
2340 2312 2741 2388 insatiabile
2783 2313 2945 2407 glo-

596 2432 760 2507 riae:
789 2431 1092 2527 sapienti
1131 2452 1308 2509 vero
1341 2432 1830 2507 clarissimum
1867 2440 1978 2509 est
2003 2454 2359 2528 spernere
2382 2434 2693 2531 gloriam
2724 2432 2943 2507 etiam

593 2552 836 2629 studio
885 2551 1174 2627 virtutis
1223 2553 1678 2647 acquisitam.
1723 2554 1860 2627 Alii
1909 2560 2163 2629 autem
2218 2554 2558 2630 videntur
2598 2553 2947 2627 subtilius

593 2674 840 2749 dicere
890 2678 1360 2769 exponenteS,
1413 2674 1612 2768 quod
1659 2674 1894 2771 gloria
1946 2696 2212 2771 parum
2258 2674 2499 2767 durat,
2539 2674 2671 2749 nisi
2722 2672 2945 2747 attin-

593 2800 817 2891 gatur
865 2814 914 2869 a
967 2794 1250 2889 magnis
1297 2794 2014 2888 constellationibus3
2067 2794 2194 2869 sed
2244 2794 2380 2868 ista
2432 2791 2785 2889 expositio
2836 2797 2947 2865 est

595 2913 1034 2989 alienissima
1084 2935 1131 2988 a
1183 2920 1434 2990 mente
1477 2915 1780 3007 autori8‚
1817 2915 1944 3009 qui
1989 2914 2277 2989 videtur
2314 2914 2526 3006 velle,
2560 2919 2634 2987 et
2668 2912 2769 2988 sic
2811 2919 2944 3005 est,

596 3034 798 3128 quod
833 3054 1311 3130 quocumque
1345 3040 1680 3130 tempore
1714 3035 1940 3129 aliqui
1973 3036 2403 3131 perveniant
2436 3034 2529 3108 ad
2570 3053 2941 3106 summam

591 3154 934 3249 gloriam,
985 3155 1151 3231 licet
1203 3177 1348 3230 non
1399 3162 1506 3231 tot
1558 3163 1740 3251 quot
1777 3157 1918 3231 sub
1953 3156 2584 3233 coniunctionibus
2636 3155 2943 3250 magniS,

591 3274 694 3349 ita
745 3274 946 3371 quod
994 3275 1054 3349 si
1105 3281 1440 3371 tempore
1491 3276 1880 3353 Alexandri
1923 3276 2161 3372 Magni
2197 3277 2501 3351 suerunt
2555 3275 2799 3371 magni
2836 3274 2947 3351 sa·-

591 3395 803 3490 mosi,
855 3394 1048 3472 sicut
1095 3395 1540 3492 Aristotelea
1594 3399 1820 3492 Plato,
1861 3404 1938 3474 et
1974 3397 2122 3492 alii,
2173 3403 2251 3472 et
2302 3403 2639 3492 tempore
2686 3394 2950 3492 Augu-

587 3519 681 3592 sti
731 3518 936 3594 Titus
984 3518 1230 3594 Livius
1281 3525 1356 3596 ‘et
1405 3521 1714 3616 Trogus,
1769 3528 2018 3596 tamen
2066 3519 2227 3594 aliis
2275 3516 2732 3614 temporibus
2784 3517 2950 3590 sue-

589 3648 768 3717 runt
817 3648 894 3716 et
942 3645 1114 3716 ante
1163 3647 1238 3716 et
1287 3646 1538 3738 postea
1590 3641 1726 3716 viri
1777 3640 2263 3734 famosissimi,
2316 3640 2505 3716 sicut
2555 3639 2944 3731 Homerus,

591 3759 910 3855 Boetius,
963 3760 1328 3836 AverroiS.
1365 3761 1510 3836 Sed
1561 3781 1656 3836 ne
1705 3782 1940 3836 vanus
1993 3760 2245 3835 videar
2294 3758 2773 3834 discurrendo
2816 3777 2947 3851 per

591 3881 829 3978 plura,
879 3879 1042 3956 dico
1092 3881 1440 3974 breviter,
1475 3880 1674 3975 quod
1716 3899 1892 3956 vera
1937 3880 2238 3956 intentio
2286 3886 2519 3974 poetae
2572 3883 2705 3972 est,
2746 3876 2945 3971 quod

593 4002 654 4076 si
705 4001 904 4076 fama
956 4001 1071 4078 vel
1123 4001 1356 4097 gloria
1389 4000 1700 4076 alicuius
1731 4001 1950 4078 debet
1983 4001 2108 4082 diu
2143 4001 2421 4074 durare
2470 3998 2543 4072 in
2596 3997 2943 4089 culmine,

592 4129 884 4218 oportet
931 4123 1128 4217 quod
1163 4122 1654 4219 coniungatur
1687 4123 2024 4198 aetatibus
2065 4120 2362 4218 grossis,
2400 4120 2606 4214 idest,
2646 4120 2941 4195 rudium

593 4243 1007 4337 hominum,
1057 4241 1376 4340 intellige
1427 4263 1560 4338 per
1621 4247 2034 4336 respectum
2095 4241 2187 4316 ad
2254 4261 2369 4316 se:
2425 4240 2631 4314 verbi
2680 4239 2941 4335 gratia,

593 4362 790 4442 fama
824 4361 1142 4440 Platonis
1175 4384 1322 4438 non
1354 4363 1476 4438 diu
1516 4362 1748 4459 viguit
1781 4362 1854 4437 in
1885 4363 2059 4456 alto,
2095 4361 2271 4455 quia
2304 4360 2725 4434 Aristoteles
2766 4358 2945 4432 sub-

594 4483 786 4560 tilior
834 4484 1173 4560 diminuit
1221 4491 1296 4560 et
1345 4483 1730 4560 offuscavit
1777 4483 2094 4580 gloriam
2143 4483 2343 4576 eius;
2392 4480 2519 4556 sed
2572 4480 2743 4575 quia
2784 4485 2947 4574 post

592 4603 1052 4682 Aristotelem
1089 4627 1236 4682 non
1288 4606 1486 4683 venit
1517 4605 1706 4682 alius
1739 4603 2070 4680 subtilior
2098 4594 2172 4695 (³)
2209 4627 2229 4697 ;
2266 4603 2429 4678 ideo
2477 4601 2669 4676 fama
2702 4600 2946 4675 adhuc

593 4725 810 4820 viget.
864 4727 1076 4802 Nunc
1125 4728 1292 4804 vide
1340 4728 1666 4802 literam:
1720 4726 1890 4800 dicit
1949 4729 2162 4820 poeta
2223 4742 2548 4819 arguens
2605 4741 2941 4795 amorem

593 4846 906 4942 propriae
974 4848 1422 4922 excellentiae
1489 4847 1565 4920 in
1633 4845 2097 4919 hominibus:
2174 4849 2235 4918 0
2307 4845 2733 4934 vanayloria
2794 4844 2945 4914 del-

717 5033 771 5094 (')
807 5033 866 5083 B.
901 5033 967 5082 sit
997 5033 1124 5086 eius.
1811 5029 1866 5094 (¹)
1901 5037 2011 5092 1¹⁷,
2047 5034 2327 5084 venientes.

721 5107 775 5170 (’)
807 5109 870 5161 Β.
899 5109 1139 5162 subtilior
1169 5124 1258 5173 θος
1291 5111 1410 5162 ideo
1441 5111 1580 5163 fama
1615 5110 1726 5161 eius
1758 5111 1927 5161 adhuc
1958 5110 2114 5174 viget.
