4392 6850
1423 951 1518 1016 24
2148 958 2558 1012 comum
2608 957 3052 1014 mum-romi

1423 1106 1644 1203 huius
1695 1101 2010 1197 CatoniS,
2060 1121 2249 1195 quas
2298 1121 2581 1195 omneS,
2615 1109 2700 1175 ut
2732 1101 3073 1176 claudam
3115 1121 3267 1176 uno
3314 1101 3565 1196 verbo,
3600 1100 3769 1178 dicit

1422 1225 1698 1300 Tullius
1750 1244 1901 1297 uno
1953 1222 2182 1296 verbo
2234 1221 2327 1297 de
2376 1242 2467 1296 eo
2516 1221 2716 1316 quod
2766 1243 2989 1296 nemo
3040 1222 3303 1296 melior
3360 1231 3579 1298 natus
3638 1229 3771 1316 est,

1423 1365 1644 1422 nemo
1711 1345 1988 1438 pietate
2045 1343 2530 1438 praestantior.
2592 1343 2923 1418 Valerius
2988 1363 3168 1418 vero
3218 1343 3410 1436 dicit,
3466 1341 3665 1438 quod
3698 1335 3775 1435 (¹)

1423 1465 1550 1558 qui
1601 1484 1837 1538 unum
1889 1464 2169 1538 bonum
2225 1483 2316 1537 ac
2366 1463 2767 1557 sapientem
2820 1463 3207 1539 nominare
3255 1463 3595 1557 voluerit,
3634 1463 3773 1536 sub

1421 1585 1714 1660 Catonis
1766 1585 2066 1659 nomine
2113 1583 2436 1658 diffiniat.
2489 1586 2673 1658 Nota
2722 1591 2975 1659 tamen
3023 1585 3223 1679 quod
3264 1586 3443 1660 Cato
3490 1584 3773 1680 primus

1423 1711 1711 1780 tantum
1763 1705 2108 1779 laudatus
2157 1704 2296 1777 fuit
2344 1704 2555 1780 valde
2604 1705 2959 1780 adversus
3009 1705 3349 1780 Africano
3410 1706 3773 1801 superiori

1421 1828 1589 1904 duci
1660 1827 2086 1921 clarissimo,
2140 1828 2281 1902 sub
2349 1846 2499 1921 quo
2558 1834 2881 1921 quaestor
2944 1827 3382 1903 militaverat
3439 1833 3773 1922 tempore

1423 1949 1721 2024 secundi
1779 1949 1940 2024 belli
1995 1948 2267 2044 punici,
2316 1955 2391 2023 et
2441 1948 2578 2020 fuit
2628 1967 2850 2022 causa
2904 1949 3075 2042 quia
3102 1940 3179 2040 (²)
3221 1948 3343 2022 ille
3394 1947 3772 2023 recederet

1425 2070 1519 2146 de
1567 2071 1835 2164 Roma,
1887 2070 2020 2144 fuit
2045 2061 2116 2162 (³)
2173 2070 2393 2144 etiam
2442 2075 2661 2144 autor
2718 2068 2919 2162 quod
2978 2069 3341 2165 Carthago
3400 2076 3774 2144 evertere-

1427 2198 1553 2264 tur
1610 2197 1864 2265 contra
1937 2191 2347 2286 Scipionem
2416 2189 2747 2263 Nasicam
2811 2189 3055 2263 virum
3126 2189 3522 2284 optimum3
3577 2191 3773 2266 unde

1429 2331 1520 2385 ex
1573 2310 1930 2387 sententia
1983 2310 2297 2404 Catonis,
2352 2311 2507 2405 ipso
2546 2311 2705 2405 jam
2758 2315 3079 2402 mortuo,
3124 2309 3489 2406 Carthago
3538 2310 3775 2384 deleta

1431 2438 1564 2526 est,
1618 2453 1788 2526 quae
1845 2437 2010 2506 erat
2065 2438 2447 2524 tamquam
2510 2449 2639 2504 eos
2688 2449 2985 2525 semper
3046 2449 3323 2504 acuens
3386 2449 3773 2506 romanam

1427 2552 1804 2626 virtutem.
1857 2551 2023 2625 Fuit
2073 2550 2269 2624 enim
2325 2550 2461 2624 iste
2510 2551 2687 2624 Cato
2732 2549 2933 2644 prior
2966 2569 3261 2644 semper
3300 2569 3615 2647 magnus
3648 2551 3775 2624 sti-

1429 2673 1678 2746 mulus
1728 2670 2104 2763 nobilium,
2147 2679 2225 2746 et
2276 2669 2530 2744 habuit
2565 2669 2893 2766 linguam
2944 2669 3481 2750 amarissimam
3534 2671 3767 2744 nimis.

1429 2791 1606 2866 Cato
1659 2810 1839 2865 vero
1889 2789 2239 2864 Uticensis
2270 2787 2412 2862 ,suit
2444 2789 2983 2864 inimicissimus
3018 2791 3363 2884 Caesaris;
3400 2790 3563 2865 ideo
3598 2811 3771 2864 cum

1427 2912 1683 2986 Cicero
1733 2910 2021 2985 fecisset
2070 2910 2343 2999 librum
2380 2909 2474 2984 de
2508 2909 2845 2984 laudibus
2896 2909 3281 3003 Catonum,
3324 2910 3567 2984 Caesar
3610 2911 3776 2985 fecit

1429 3033 1699 3106 librum
1769 3031 1844 3104 in
1912 3030 2371 3105 contrarium
2442 3050 2667 3123 quem
2740 3030 3031 3106 vocavit
3097 3031 3583 3106 Anticatones.
3652 3031 3777 3104 His

1428 3171 1610 3248 ergo
1659 3149 1850 3224 bene
1884 3149 2162 3224 libratis
2195 3161 2401 3244 potes
2438 3149 2741 3226 faciliter
2780 3151 3252 3245 perpendere,
3290 3151 3543 3246 lector,
3579 3151 3775 3245 quod

1430 3273 1546 3346 isti
1604 3272 1756 3346 duo
1813 3272 2123 3346 Catones
2154 3259 2253 3364 (⁴),
2304 3270 2595 3344 diverso
2664 3272 2830 3346 licet
2869 3279 3227 3367 tempore,
3288 3272 3593 3347 fuerunt
3630 3271 3777 3346 duo

1431 3391 1710 3467 lumina
1760 3390 2163 3467 clarissima
2216 3411 2541 3466 romanae
2594 3391 2917 3485 virtutis;
2966 3392 3095 3467 sed
3146 3393 3314 3469 licet
3362 3392 3541 3469 Cato
3590 3392 3781 3468 Cen·-

1431 3515 1672 3591 sorius
1729 3513 1805 3587 in
1869 3512 2113 3586 multis
2171 3511 2511 3586 videatur
2568 3514 2931 3587 excedere
2998 3521 3475 3609 pronepotem
3530 3534 3773 3608 suum,

1431 3636 1602 3730 quia
1655 3634 1792 3708 fuit
1842 3634 2210 3708 excellens
2260 3633 2333 3707 in
2386 3632 2633 3726 literiS,
2688 3634 2913 3708 armis
2962 3640 3039 3709 et
3088 3634 3160 3707 in
3222 3635 3501 3709 artibus
3554 3634 3781 3709 urba-

1431 3756 1544 3829 nis
1583 3761 1658 3829 et
1692 3753 2005 3847 rusticis,
2043 3760 2291 3827 tamen
2328 3758 2541 3848 poeta
2578 3759 2827 3827 noster
2860 3754 3101 3848 potius
3134 3754 3354 3851 elegit
3386 3754 3518 3827 sibi
3554 3754 3773 3829 istum

1432 3876 1841 3953 secundum
1895 3896 2118 3969 quam
2174 3874 2523 3969 primum,
2562 3874 2733 3967 quia
2770 3874 3003 3971 magis
3054 3874 3367 3949 faciebat
3410 3876 3505 3949 ad
3556 3896 3775 3949 suum

1433 3996 1920 4093 propositum3
1956 3994 2130 4089 quia
2164 3994 2299 4068 iste
2334 3994 2513 4068 Cato
2548 3992 2686 4066 fuit
2720 3994 3045 4068 maxime
3077 4000 3414 4069 centrum
3456 4000 3777 4091 quatuor

1434 4118 1792 4191 virtutum
1848 4116 2267 4207 moralium,
2320 4136 2505 4209 quas
2568 4112 2777 4187 finxit
2828 4116 2983 4210 jam
3048 4114 3473 4211 apparuisse
3520 4117 3653 4191 sibi
3702 4116 3775 4189 in

1433 4240 1572 4311 isto
1633 4236 1988 4333 principio
2051 4234 2375 4310 tendenti
2434 4234 2527 4309 ad
2585 4232 3125 4330 purgatorium,
3180 4242 3254 4310 et
3312 4236 3447 4313 fuit
3502 4238 3781 4312 acerri-

1437 4380 1604 4433 mus
1667 4357 2007 4434 defensor
2069 4356 2442 4450 libertatis,
2506 4376 2732 4449 quam
2802 4356 3035 4429 solam
3086 4364 3300 4451 poeta
3370 4378 3567 4432 nunc
3630 4358 3776 4431 ibat

1436 4479 1857 4575 quaerendo.
1911 4478 2123 4551 Nunc
2172 4483 2285 4551 est
2333 4484 2625 4571 tempus
2679 4475 3031 4551 redeundi
3068 4476 3161 4550 ad
3204 4477 3515 4552 literam.
3554 4478 3783 4574 Igitur

1435 4604 1652 4695 poeta
1700 4598 2043 4674 describit
2101 4596 2321 4671 istum
2385 4598 2756 4671 Catonem·
2801 4598 3002 4692 prius
3027 4588 3103 4691 (⁶)
3154 4598 3251 4671 ab
3314 4599 3477 4672 eius
3524 4598 3787 4673 canitie

1560 4854 1618 4921 (¹)
1647 4856 1700 4907 S.
1731 4870 1764 4907 e
1795 4857 1856 4907 E.
1891 4858 2033 4921 quod
2065 4857 2156 4921 qui
2189 4857 2363 4906 virum
2398 4857 2614 4907 bonum.
2894 4857 2949 4921 (')
2982 4858 3044 4909 Β.
3076 4870 3255 4923 quare.

1559 4932 1614 4996 (⁸)
1647 4937 1757 4995 11⁷,
1792 4932 1964 4999 suitqu
2061 4940 2118 4983 ut
2186 4967 2202 4982 .

1562 5012 1622 5150 ἓν)
1650 5012 1712 5137 ξ.
1740 5010 2117 5151 &gons-figent
2147 5012 2353 5062 diverso
2386 5016 2621 5075 tempore
2653 5010 2865 5073 ruerint,
2898 5016 3123 5062 attamen
3156 5009 3371 5061 suerunt
3403 5009 3509 5061 duo
3539 5009 3755 5060 lumina.
