4392 6850
1239 982 1516 1039 cANTUs
1567 984 1884 1041 nsscmus
1935 986 2324 1043 sEannus.
2806 975 2945 1043 329

600 1126 891 1221 scilicet,
945 1129 1236 1203 fratres⁸
1269 1136 1344 1205 et
1409 1129 1669 1224 socioS,
1715 1134 1837 1205 che
1866 1135 1939 1205 'n
1990 1137 2343 1223 Sennaar,
2395 1139 2751 1227 contrata,
2818 1154 2951 1205 con

539 1302 548 1309 .
598 1248 720 1338 lui,
755 1246 1046 1341 scilicet,
1082 1249 1486 1323 Nembroth
1519 1251 1863 1345 superb0,
1903 1252 2183 1346 superbi
2208 1256 2399 1346 soro,
2442 1252 2533 1325 Et
2576 1252 2691 1327 hic
2746 1258 2940 1345 nota,

600 1366 797 1459 quod
848 1388 1259 1461 numquam
1313 1369 1535 1444 credo
1585 1369 1806 1445 fuisse
1858 1373 2096 1445 maius
2149 1373 2265 1447 vel
2326 1372 2727 1447 mirabilius
2760 1393 2949 1467 opus

599 1485 675 1558 in
738 1488 976 1583 terriS,
1037 1488 1129 1563 de
1195 1510 1345 1583 quo
1409 1490 1764 1565 mirabilia
1821 1492 2071 1566 scribit
2128 1492 2440 1579 Quintus
2502 1492 2801 1574 Curtius
2858 1492 2947 1565 li-

599 1607 736 1682 bro
785 1608 878 1681 lv
925 1608 1018 1683 de
1068 1609 1290 1706 gestis
1339 1610 1752 1684 Alexandri.
1792 1612 1974 1687 Dicit
2009 1612 2233 1707 enim,
2276 1614 2474 1706 quod
2522 1612 2945 1687 Semiramis

599 1727 916 1803 condidit
974 1728 1445 1825 Babylonem,
1509 1730 1720 1805 cuius
1783 1752 2046 1806 murus
2107 1732 2363 1807 habuit
2425 1733 2499 1806 in
2566 1732 2953 1827 latitudine¹

600 1848 895 1944 triginta
946 1850 1187 1945 pedes,
1239 1850 1337 1925 ita
1389 1852 1586 1945 quod
1639 1851 2014 1948 quadrigae
2075 1852 2233 1927 sine
2294 1852 2621 1948 periculo
2678 1872 2944 1927 occur-

604 1967 864 2042 rebant
911 1969 1086 2063 sibi;
1148 1970 1453 2045 altitudo
1515 1971 1650 2045 suit
1713 1972 2245 2067 quinquaginta
2294 1972 2747 2066 cubitorum,
2800 1972 2945 2046 cir-

601 2087 844 2164 cuitus
893 2089 1116 2164 totius
1165 2090 1406 2185 operis
1457 2090 1710 2165 habuit
1762 2091 2296 2188 quadringenta
2348 2091 2731 2188 sexaginta
2778 2098 2947 2167 octo

601 2208 850 2283 stadia.
903 2210 1311 2306 Euphrates
1362 2232 1674 2309 magnus
1725 2214 1991 2287 fluvius
2027 2213 2375 2287 interfluit
2411 2213 2699 2308 urbem,
2734 2213 2945 2288 cuius

601 2348 780 2423 pons
831 2336 943 2404 est
994 2338 1428 2405 numeratus
1477 2332 1667 2407 inter
1708 2332 2066 2406 mirabilia
2107 2332 2429 2407 orientis.
2466 2333 2546 2405 In
2589 2334 2724 2407 hac
2761 2333 2947 2407 urbe

602 2450 964 2544 superbus
1013 2450 1425 2526 Alexander
1476 2453 1672 2527 stetit
1733 2452 2006 2525 diutius
2067 2474 2294 2545 quam
2346 2453 2420 2526 in
2470 2454 2717 2547 aliqua
2776 2453 2944 2545 alia,

607 2569 815 2643 cuius
878 2571 1173 2645 luxuria
1234 2572 1558 2645 maxime
1618 2572 1868 2646 nocuit
1933 2572 2276 2645 militibus
2340 2572 2539 2666 suis3
2608 2592 2779 2645 nam
2846 2572 2945 2645 ibi

603 2689 836 2785 pretio
886 2698 1224 2785 parentes
1290 2690 1616 2767 vendunt
1667 2692 2032 2767 libidinem
2087 2693 2456 2786 tiliorum3
2508 2693 2632 2767 sed
2688 2699 2942 2787 postea

605 2810 838 2906 Cyrus
873 2830 1004 2884 rex
1053 2831 1438 2905 persarum
1473 2812 2058 2906 superbissimuS,
2085 2812 2180 2886 de
2217 2831 2369 2906 quo
2400 2812 2683 2886 dicetur
2718 2790 2939 2905 paulo

611 2935 790 3025 post,
851 2931 1254 3025 superbum
1308 2932 1586 3007 flumen
1639 2932 2068 3027 humiliavit,
2121 2939 2194 3006 et
2258 2932 2648 3027 superbam
2700 2931 2939 3027 Baby-

605 3052 872 3125 loniam
941 3051 1248 3145 domuit,
1315 3072 1540 3147 quam
1605 3052 1887 3128 evertit.
1956 3052 2444 3149 Hieronymus
2513 3071 2691 3127 vero
2766 3051 2941 3125 dicit

609 3170 934 3266 Babylon
997 3170 1416 3266 metropolis
1473 3172 1995 3266 chaldaeorum,
2055 3172 2267 3247 cuius
2320 3171 2511 3245 muri
2564 3171 2929 3247 sexdecim

604 3291 825 3365 millia
877 3312 1226 3386 passuum
1291 3312 1423 3387 per
1472 3292 1840 3386 quadrum
1902 3294 1998 3367 ab
2067 3292 2339 3390 angulo
2408 3292 2479 3365 in
2546 3293 2929 3389 angulum,

605 3411 798 3506 quod
853 3419 964 3487 est
1015 3412 1235 3487 simul
1267 3412 1646 3510 sexaginta
1682 3420 2006 3509 quatuor
2040 3414 2284 3488 millia.
2310 3455 2409 3468 --
2435 3417 2515 3489 0.
2559 3412 2689 3488 Hic
2724 3418 2939 3509 poeta

602 3531 942 3605 describit
992 3531 1220 3606 alium
1272 3539 1524 3607 actum
1577 3541 1652 3610 et
1701 3533 2044 3608 effectum
2097 3535 2457 3629 superbiae
2502 3533 2721 3606 unius
2774 3554 2943 3606 mu-

606 3650 820 3726 lieris.
876 3652 982 3726 Ad
1036 3651 1231 3746 quod
1285 3659 1398 3726 est
1447 3653 1768 3728 breviter
1819 3653 2226 3747 sciendum,
2260 3652 2481 3747 quod,
2524 3653 2712 3726 sicut
2762 3651 2945 3726 scri-

607 3772 709 3847 bit
776 3772 1074 3847 Ovidius
1139 3775 1338 3848 clare
1405 3773 1492 3846 Vl
1551 3774 1860 3869 MaioriS,
1913 3774 2142 3848 Niobe
2193 3773 2336 3848 filia
2401 3773 2679 3848 Tantali
2746 3772 2943 3868 regis

600 3893 1004 3967 avarissimi
1055 3894 1415 3988 omnium,
1469 3895 1644 3988 quia
1695 3915 1786 3968 ex
1839 3893 2144 3968 avaritia
2200 3893 2524 3968 nascitur
2572 3893 2941 3987 superbia,

604 4022 678 4088 et
731 4035 921 4089 uxor
971 4013 1392 4109 Amphionis
1445 4015 1638 4112 regis
1688 4015 2103 4089 Thebarum
2143 4023 2307 4110 post
2349 4013 2704 4089 infelicem
2756 4013 2944 4088 Cad-

603 4155 837 4228 mum,
887 4132 1180 4209 devenit
1231 4155 1360 4230 per
1411 4134 1830 4230 superbiam
1880 4135 1956 4208 in
2007 4142 2292 4210 tantam
2338 4134 2689 4208 insaniam
2744 4134 2941 4228 quod

605 4253 996 4348 spernebat
1021 4255 1374 4330 Latonam
1412 4255 1652 4348 deam,
1679 4275 1847 4349 quae
1889 4254 2156 4329 dicitur
2195 4254 2417 4327 fuisse
2451 4261 2689 4328 mater
2726 4253 2943 4349 Apol-

603 4375 764 4448 linis
804 4380 880 4450 et
927 4375 1199 4469 Dianae,
1239 4382 1320 4450 ut
1358 4374 1643 4450 dicetur
1693 4376 1908 4469 plene
1955 4375 2273 4470 capitulo
2307 4374 2441 4446 XX
2480 4374 2697 4447 huius
2754 4375 2942 4468 libri,

603 4501 676 4569 et
726 4495 1020 4594 vetabat
1071 4493 1271 4569 illam
1323 4494 1486 4588 coli,
1535 4494 1856 4590 glorians
1907 4500 1982 4568 et
2031 4495 2389 4569 extollens
2448 4514 2529 4568 se
2578 4492 2671 4569 de
2722 4495 2943 4570 nobili

602 4615 831 4710 prole,
898 4615 1071 4709 quia
1127 4616 1470 4690 habebat·
1499 4621 1777 4710 septem
1835 4613 2020 4687 filios
2071 4616 2437 4688 masculos
2504 4621 2577 4688 et
2642 4615 2941 4690 totidem

603 4733 958 4830 foeminaS,
1011 4734 1138 4810 sed
1187 4735 1264 4809 in
1315 4735 1702 4810 vindictam
1757 4733 2118 4830 superbiae
2169 4754 2325 4807 suae
2376 4753 2633 4808 omnes
2678 4734 2800 4808 filii
2834 4735 2945 4808 di-

601 4861 875 4928 cuntur
923 4854 1258 4950 sagiptati
1310 4856 1404 4930 ab
1455 4854 1781 4949 Apolline
1831 4861 1904 4928 et
1947 4874 2209 4929 omnes
2254 4853 2416 4928 filiae
2466 4875 2509 4928 a
2562 4853 2813 4948 Diana,
2851 4874 2938 4929 ex

605 4995 755 5068 quo
805 4974 958 5068 ipsa
1009 4995 1361 5050 conversa
1413 4974 1679 5062 dicitur
1740 4974 1812 5047 in
1874 4995 2161 5048 saxum.
2216 4974 2367 5047 Hoc
2428 4973 2617 5048 forte
2680 4973 2945 5048 indicat

605 5095 804 5190 quod
853 5103 1130 5191 septem
1187 5095 1306 5169 [ilii
1362 5095 1682 5190 percussi
1735 5102 1904 5168 sunt
1951 5096 2047 5169 ab
2087 5095 2413 5190 Apolline
2463 5094 2605 5170 deo
2656 5094 2945 5190 sapien-
