4392 6850
1487 941 1630 1008 344
2121 968 2126 971 ·
2206 937 2615 1003 coMEN'ruu
2664 948 3105 1004 runenonn

1484 1099 1672 1173 fecta
1723 1094 2191 1188 beatitudine,
2229 1093 2415 1167 sicut
2454 1094 2611 1191 jam
2664 1095 2919 1189 pulcre
2967 1099 3187 1169 autor
3229 1093 3409 1169 dixit
3441 1114 3665 1190 supra
3700 1112 3825 1167 ca-

1485 1218 1716 1313 pitulo
1765 1216 1834 1289 X
1882 1214 2078 1289 circa
2129 1214 2375 1305 finem,
2429 1213 2555 1289 ubi
2618 1213 2840 1287 dixit:
2894 1217 3061 1289 Nati
3108 1236 3157 1287 a
3198 1216 3827 1307 sormar-l’anye-

1485 1342 1622 1413 lica
1665 1339 1996 1433 farfalla,
2021 1376 2122 1390 —
2139 1328 2395 1428 perche*
2440 1357 2489 1408 a
2531 1356 2713 1428 poco
2764 1343 2989 1428 vento,
3046 1336 3384 1431 superbae
3441 1334 3696 1432 gloriae
3752 1344 3829 1411 et

1487 1478 1700 1533 vanae
1749 1454 2267 1552 prosperitati3‚
2308 1448 2452 1528 cosi
2482 1458 2697 1529 cadi?
2742 1456 2839 1530 ab
2888 1455 3271 1530 altitudine
3320 1462 3471 1530 tua.
3506 1454 3593 1529 Et
3628 1454 3827 1550 ponit

1487 1699 1794 1796 angelus
1848 1696 2099 1772 volans
2148 1702 2322 1770 ante
2370 1717 2528 1790 ηοε,
2578 1717 2706 1769 ove
2762 1699 2837 1769 Ia
2895 1699 3161 1787 νοσσία,
3210 1694 3413 1790 idest,
3468 1695 3649 1789 ripa,
3700 1716 3825 1768 era

1489 1821 1808 1912 myliata,
1859 1817 1933 1891 in
1987 1816 2291 1891 modum
2340 1818 2747 1911 scalarum;
2814 1820 3003 1909 quivi
3050 1820 3147 1890 mi
3190 1818 3417 1891 balteo
3482 1818 3528 1890 Γ
3554 1819 3655 1889 ali
3692 1836 3828 1909 per

1489 1944 1562 2015 la
1603 1944 1865 2033 fronte,
1917 1944 1992 2013 et
2039 1938 2313 2013 abrasit
2344 1934 2735 2033 *primum
2787 1938 2842 2011 P
2892 1959 2937 2013 a
2974 1938 3158 2014 facie
3192 1959 3397 2033 mea3
3435 1938 3619 2013 idest
3654 1958 3828 2032 pur-

1485 2058 1752 2157 gavit*
1795 2052 1869 2149 (¹)
1943 2058 2265 2151 primum
2343 2065 2769 2152 peccatum3
2823 2078 2974 2153 quo
3050 2058 3262 2151 facto,
3327 2060 3452 2150 poi
3510 2060 3607 2129 mi
3648 2076 3828 2149 pro-

1488 2182 1656 2253 mise
1703 2182 1942 2251 sicura
1991 2180 2036 2251 l’
2062 2180 2332 2251 andala
2346 2203 2376 2270 ,·
2428 2176 2602 2271 quia
2650 2176 2877 2251 dixit:
2929 2176 3031 2253 ite
3086 2194 3373 2271 secure‚‘
3432 2183 3509 2252 et
3566 2176 3830 2262 intrate

1487 2297 1892 2375 secundum
1945 2297 2308 2374 circulum
2359 2296 2669 2391 invidiae,
2722 2317 2891 2392 quae
2943 2303 3055 2372 est
3086 2297 3227 2373 alia
3262 2297 3409 2372 filia
3443 2296 3830 2392 superbiae,

1487 2420 1662 2515 quia
1731 2417 2169 2513 impossibile
2238 2425 2348 2492 est
2411 2416 2587 2511 quin
2656 2418 3021 2512 superbus
3084 2417 3421 2493 invideat.
3458 2458 3557 2471 —
3602 2421 3829 2491 Come.

1487 2542 1699 2615 Nunc
1746 2544 1959 2634 poeta
2009 2536 2354 2613 describit
2403 2536 2639 2632 ipsum
2684 2557 3073 2612 ascensum
3110 2537 3205 2612 ad
3238 2537 3649 2613 secundum
3684 2536 3833 2612 cir-

1491 2660 1742 2735 culum
1771 2678 1905 2754 per
1943 2677 2168 2731 unam
2196 2658 2821 2752 comparationem
2851 2658 3326 2734 domesticam
3365 2658 3617 2754 patriae
3652 2678 3829 2733 suae.

1491 2780 1597 2855 Ad
1648 2780 1861 2854 cuius
1911 2776 2460 2875 intelligentiam
2512 2775 2735 2853 debes
2783 2777 3023 2873 primo
3072 2778 3284 2872 scire,
3336 2779 3535 2872 quod
3597 2779 3671 2853 in
3731 2778 3837 2854 ci-

1493 2900 1718 2975 vitate
1767 2897 2155 2973 Florentiae
2191 2897 2386 2972 ultra
2419 2895 2703 3001 Arnum
2738 2903 2951 2973 extra
2987 2898 3257 2973 moenia
3294 2897 3538 2973 eundo
3572 2918 3833 2974 versus

1489 3021 1822 3096 Aretium
1873 3027 1985 3093 est
2035 3038 2184 3093 una
2236 3018 2541 3093 ecclesia
2592 3018 2835 3093 Sancti
2896 3018 3163 3093 Miniati
3227 3018 3301 3094 in
3360 3025 3612 3095 monte
3660 3019 3833 3095 satis

1490 3142 1746 3237 pulcra
1797 3147 1871 3217 et
1920 3139 2206 3215 devota.
2254 3138 2465 3213 Modo
2514 3138 2589 3213 in
2642 3158 2951 3213 ascensu
2994 3139 3200 3213 istius
3258 3139 3605 3234 ecclesiae,
3660 3141 3832 3235 quia

1489 3262 1606 3337 via
1657 3267 1820 3337 erat
1868 3260 2011 3335 alta
2080 3269 2155 3335 et
2215 3279 2477 3355 repens
2537 3259 2774 3354 nimio,
2825 3259 2991 3334 facti
3059 3266 3231 3335 sunt
3290 3261 3463 3335 olim
3530 3262 3826 3356 quidam

1488 3382 1764 3481 gradus
1837 3380 2093 3476 lapidei
2164 3380 2241 3454 in
2318 3380 2623 3456 modum
2708 3378 3103 3474 scalarum,
3182 3380 3393 3474 quasi
3466 3402 3511 3457 a
3590 3381 3833 3459 radice

1490 3502 1758 3576 montis
1809 3520 2046 3595 usque
2093 3501 2188 3576 ad
2239 3499 2619 3576 introitum
2671 3500 2896 3596 ipsius
2946 3500 3293 3595 ecclesiae,
3340 3508 3425 3575 ut
3472 3502 3577 3577 sic
3626 3503 3833 3578 habi-

1493 3621 1634 3696 lius
1683 3627 1758 3696 et
1805 3620 2084 3696 facilius
2133 3627 2428 3717 possent
2461 3621 2861 3697 ascendere
2893 3620 3031 3695 viri
3066 3627 3139 3696 et
3175 3621 3525 3698 mulieres
3573 3631 3832 3700 euntes

1491 3741 1587 3818 ad
1636 3739 2018 3817 eeclesiam
2069 3760 2205 3836 pro
2254 3739 2727 3837 indulgentia.
2780 3740 2886 3814 Ad
2936 3741 3390 3837 propositum
3442 3763 3624 3840 ergo
3664 3743 3833 3819 dicit

1493 3868 1734 3957 poeta,
1785 3861 1982 3956 quod
2033 3859 2168 3936 iste
2218 3881 2563 3936 ascensus
2612 3862 2705 3936 ad
2754 3861 3161 3937 secundum
3224 3861 3586 3938 circulum
3654 3886 3835 3961 pur-

1493 3980 1756 4078 gatorii
1805 3987 1968 4056 erat
2015 3981 2268 4055 similis
2299 3981 2436 4056 isti.
2481 3983 2692 4057 Nunc
2730 3981 2989 4057 ordina
3026 3981 3339 4077 literam,
3374 3988 3449 4057 et
3488 3991 3833 4060 construe

1491 4101 1632 4176 sic:
1686 4105 1792 4174 La
1839 4104 2006 4194 ripa
2061 4103 2181 4174 clue
2238 4103 2413 4174 cade
2480 4103 2650 4176 dal?
2675 4104 2863 4175 alem
2922 4105 3196 4196 yirone,
3266 4102 3539 4178 scilicet
3602 4124 3651 4179 a
3720 4125 3834 4181 se-

1493 4221 1757 4317 cundo,
1805 4223 1936 4296 ben
1983 4227 2176 4294 ratta
2224 4223 2301 4294 in
2348 4242 2423 4295 se
2469 4215 2612 4296 cosi
2659 4224 2718 4296 ε’
2743 4225 3029 4316 attenta,
3062 4222 3269 4316 idest,
3306 4223 3627 4300 efficitur
3677 4225 3830 4321 pla·

1493 4341 1656 4417 nior
1706 4348 1783 4417 et
1830 4340 2131 4435 facilior,
2173 4343 2386 4433 quivi,
2420 4339 2625 4436 idest,
2659 4341 2735 4416 in
2782 4341 2922 4417 isto
2959 4361 3312 4437 ascensu3
3350 4349 3426 4418 et
3462 4343 3671 4418 dicit:
3714 4365 3829 4418 ma

1492 4465 1722 4554 quinci
1767 4483 1806 4535 e
1854 4463 2119 4554 quindi,
2184 4481 2233 4536 a
2292 4461 2553 4538 dextra
2602 4468 2678 4538 et
2728 4461 3041 4558 sinistra,
3108 4467 3153 4538 ι’
3178 4467 3354 4556 alta,
3406 4464 3523 4540 vel
3572 4467 3619 4538 1⁹
3644 4467 3835 4539 altra

1480 4590 1692 4676 petra
1737 4585 1974 4676 rade5
2024 4582 2183 4656 vult
2234 4581 2481 4658 dicere
2530 4582 2730 4678 quod
2780 4590 3102 4678 utraque
3152 4584 3428 4681 sponda
3480 4585 3747 4661 montis
3790 4607 3834 4660 a

1492 4701 1724 4777 latere
1773 4703 1986 4776 scalae
2053 4722 2203 4777 non
2266 4708 2377 4776 est
2425 4702 2705 4778 adibilis
2766 4704 2885 4778 vel
2936 4704 3379 4780 scansibilis:
3434 4705 3591 4780 redi
3642 4726 3837 4780 nunc

1492 4841 1750 4915 supra:
1802 4841 1993 4893 come
2039 4823 2086 4894 I'
2109 4824 2351 4894 ardila
2384 4827 2563 4916 foya
2596 4825 2713 4896 del
2742 4831 3051 4916 mentm,
3084 4823 3293 4918 idest,
3326 4823 3541 4900 ardui
3572 4845 3833 4902 ascen-

1615 5075 1674 5136 (·)
1703 5071 1774 5122 Le
1807 5071 1985 5135 parole
2015 5073 2097 5124 rra
2128 5075 2146 5125 i
2177 5075 2281 5128 due
2310 5076 2577 5128 uterinchl
2608 5090 2737 5128 nono
2766 5077 2993 5142 supputo
3024 5078 3161 5144 dagli
3192 5077 3314 5130 altri
3348 5079 3483 5130 tenti.
3550 5141 3557 5148 ι
