4392 6850
1455 965 1735 1023 currus
1783 967 2116 1023 nummus.
2822 957 2959 1029 281

617 1118 864 1187 tamen
915 1112 1104 1207 pluS,
1154 1112 1274 1186 alii
1304 1106 1376 1204 (¹)
1451 1112 1696 1187 minus
1755 1119 2335 1207 expectaverunt
2394 1112 2609 1189 istam
2676 1134 2963 1209 pacem,

619 1238 700 1307 ut
749 1233 1040 1309 exirent
1087 1233 1182 1309 de
1231 1234 1392 1307 loco
1447 1233 1924 1307 tenebrarum
1975 1232 2069 1307 ad
2117 1233 2430 1329 gloriam
2481 1234 2704 1310 altam
2757 1234 2963 1328 coeli3

618 1350 814 1426 unde
863 1352 1072 1427 dicit:
1125 1354 1245 1426 elce
1293 1373 1543 1445 aperse
1590 1354 1646 1425 il
1687 1354 1836 1444 ciel,
1884 1353 2080 1446 quod
2131 1354 2337 1447 prius
2388 1360 2547 1429 erat
2596 1355 2963 1448 clausum,

618 1475 746 1549 dal
787 1494 918 1547 suo
967 1476 1180 1565 lunyo
1231 1475 1481 1547 divieto
1505 1499 1537 1565 ,·
1589 1464 1768 1567 quia
1817 1473 2012 1547 enim
2067 1474 2347 1568 primus
2399 1495 2663 1569 parens
2714 1483 2968 1571 gusta-

622 1592 724 1668 vit
774 1591 866 1667 de
918 1613 1140 1687 pomo
1190 1592 1437 1687 vetito,
1474 1591 1638 1667 ideo
1681 1593 1990 1668 vetitum
2045 1592 2180 1667 fuit
2230 1594 2363 1667 sibi
2415 1601 2491 1668 et
2538 1597 2793 1691 generi
2826 1616 2967 1670 suo

623 1735 718 1789 ne
769 1719 1010 1809 posset
1059 1713 1264 1788 exire
1315 1713 1710 1807 infernum,
1747 1718 1822 1788 et
1855 1713 2132 1789 intrare
2165 1716 2439 1789 coelum
2494 1735 2624 1810 per
2678 1722 2964 1789 tantum

623 1841 950 1929 tempus;
1001 1836 1294 1908 dinanzi
1341 1856 1390 1907 a
1437 1838 1560 1907 noi
1599 1854 1830 1927 parea
1877 1827 1940 1907 εὶ
1985 1838 2245 1928 vivace,
2290 1836 2404 1910 vel
2456 1858 2729 1929 verace,
2778 1840 2969 1931 quivi

547 1962 562 1968 “
618 1956 1008 2047 intayliam,
1077 1954 1152 2027 in
1227 1952 1365 2029 isto
1443 1974 1842 2048 marmore,
1889 1957 1966 2027 in
2027 1976 2124 2029 un
2184 1964 2330 2029 atto
2390 1976 2605 2030 soave
2654 1960 2773 2029 che
2822 1977 2968 2030 non

615 2076 996 2167 sembiava,
1047 2074 1229 2149 idest
1269 2075 1696 2170 apparebat,
1732 2079 2038 2167 imayine
2088 2078 2207 2149 che
2258 2084 2432 2168 lace,
2470 2077 2678 2169 idest,
2723 2078 2961 2174 figura

619 2202 828 2269 muta
891 2196 1173 2289 sculpta
1235 2194 1311 2268 in
1376 2194 1634 2290 lapide,
1691 2195 1818 2270 sed
1879 2197 2120 2291 potius
2185 2196 2388 2290 viva3
2442 2197 2642 2291 quod
2704 2197 2969 2292 probat

617 2334 788 2389 cum
843 2314 1126 2389 subdit:
1187 2318 1470 2406 ‚eiurato
1529 2319 1594 2389 si
1653 2319 1882 2407 saria,
1939 2317 2140 2410 idest,
2196 2316 2438 2412 jurari
2510 2318 2860 2412 potuisset
2920 2336 2967 2391 a

617 2434 932 2528 vidente,
983 2437 1086 2508 ela’
1113 2437 1178 2507 ei
1222 2438 1480 2509 dicesse
1505 2461 1529 2509 .-
1580 2456 1736 2528 ave,
1805 2438 2082 2531 supple,
2137 2440 2381 2509 Maria
2432 2444 2610 2530 etc.;
2664 2443 2739 2511 et
2790 2457 2967 2513 ecce

621 2576 903 2649 quare:
950 2558 1184 2648 perch’
1211 2559 1332 2647 ivi,
1399 2556 1693 2649 scilicet,
1731 2557 1802 2630 in
1837 2556 2030 2631 dicto
2083 2577 2461 2632 marmore
2504 2576 2595 2631 ex
2632 2559 2964 2652 opposito

621 2676 886 2769 Mariae,
937 2697 1068 2749 era
1115 2680 1506 2767 imayinata
1554 2680 1808 2769 quella,
1855 2677 2126 2751 scilicet
2175 2678 2399 2751 Beata
2452 2676 2698 2773 Virgo,
2750 2680 2852 2751 cla’
2866 2680 2967 2753 ad

622 2798 829 2889 aprir
883 2798 1091 2869 Falto
1141 2817 1376 2887 amor,
1425 2796 1719 2889 scilicet,
1769 2796 2099 2871 divinum
2161 2817 2295 2892 pro
2346 2797 2583 2872 salute
2659 2796 2962 2871 humani

622 2916 938 3014 generiS,
991 2916 1188 3009 quod
1239 2916 1553 2992 habehat
1601 2918 1794 3010 odit),
1845 2920 2034 2991 volse
2091 2920 2153 2991 le
2214 2919 2478 3008 chiave,
2532 2918 2965 3014 virginitatis

622 3041 698 3110 et
747 3036 1174 3111 humilitatis
1225 3058 1426 3130 suae3
1483 3036 1675 3111 unde
1741 3036 1970 3133 tangit
2028 3036 2515 3111 humilitatem
2578 3038 2821 3111 Mariae
2890 3037 2965 3111 in

619 3176 712 3232 eo
761 3163 932 3232 actu
983 3157 1058 3231 in
1109 3178 1258 3251 quo
1311 3158 1564 3254 recipit
1590 3150 1663 3251 (²)
1719 3157 2261 3250 salutationem,
2313 3157 2594 3232 dicens:
2646 3164 2713 3231 et
2760 3179 2964 3249 avea,

619 3276 826 3372 idest,
881 3278 1156 3353 habere
1204 3278 1615 3371 videbatur,
1665 3281 1740 3350 in
1788 3285 1935 3350 alto
1983 3280 2353 3369 impressa,
2390 3276 2594 3371 idest,
2638 3278 2711 3350 in
2762 3299 2966 3351 mar-

623 3418 858 3492 more,
909 3406 1056 3473 esca
1111 3401 1401 3495 savella,
1461 3399 1765 3474 scilicet:
1835 3404 2007 3472 Ecce
2067 3400 2327 3472 ancilla
2396 3400 2555 3488 Dei,
2590 3402 2961 3491 propria-

621 3528 868 3610 mente,
943 3538 989 3592 a
1055 3518 1306 3613 simili,
1385 3539 1578 3592 come
1636 3523 1878 3612 fiytcra
1933 3521 2008 3592 in
2067 3539 2237 3592 cera
2296 3521 2359 3590 si
2430 3521 2769 3610 suyyella.
2834 3519 2965 3594 Hic

619 3659 804 3736 ergo
853 3645 1062 3714 actus
1113 3639 1356 3714 Mariae
1405 3639 1618 3714 docet
1678 3639 2034 3733 superbos
2099 3637 2493 3732 humiliari,
2547 3637 2745 3713 unde
2812 3638 2961 3733 ipsa

621 3759 828 3834 dicit:
895 3761 1074 3847 Quia
1119 3761 1430 3850 respexit
1473 3760 1914 3832 hutnilitatem
1967 3760 2241 3830 ancillae
2306 3779 2453 3830 suoe
2479 3782 2504 3830 .·
2564 3764 2641 3832 et
2690 3757 2961 3832 iterum

621 3878 834 3955 dicit:
891 3881 1224 3972 Deposuit
1267 3886 1578 3971 potentes
1637 3881 1724 3952 de
1785 3881 1946 3952 sede
1997 3885 2064 3952 et
2123 3881 2465 3952 exaltavit
2526 3880 2831 3953 humiles·
2860 3917 2959 3932 —

628 4003 804 4072 Non.
857 3999 987 4074 Hic
1052 4007 1266 4095 poeta
1315 3999 1658 4075 describit
1705 3999 1932 4074 alium
1993 4005 2242 4074 actum
2312 3998 2657 4073 maximae
2715 3999 2963 4072 humi-

623 4119 838 4194 litatis
887 4139 1058 4214 quae
1109 4120 1242 4194 fuit
1289 4120 1364 4194 in
1415 4120 2027 4196 excellentissimo
2063 4139 2239 4216 rege
2278 4119 2545 4194 David:
2600 4125 2675 4194 et
2724 4119 2965 4214 primo

623 4239 828 4337 fingit
876 4242 1074 4335 quod
1107 4241 1446 4336 Virgilius
1481 4240 1732 4316 invitet
1765 4261 1940 4316 eum
1977 4241 2070 4316 ad
2118 4240 2261 4314 alia
2302 4239 2636 4334 videnda,
2674 4239 2961 4316 dicens:

621 4363 804 4434 disse
849 4364 907 4434 il
949 4363 1146 4434 dolce
1193 4368 1523 4452 maestro,
1577 4359 1848 4436 scilicet
1899 4360 2265 4456 Virgilius,
2317 4359 2444 4453 qui
2493 4359 2809 4435 dulciter
2842 4381 2965 4436 me

621 4480 926 4556 docebat
976 4481 1486 4576 humilitatem,
1537 4483 1658 4554 che
1722 4484 1812 4554 m'
1841 4502 2018 4554 avea
2066 4483 2166 4554 da
2217 4482 2442 4571 quella
2483 4487 2720 4572 parce,
2774 4481 2963 4554 scili-

619 4608 733 4676 cet
795 4601 1106 4694 sinistra,
1165 4603 1347 4675 onde
1393 4604 1450 4675 il
1507 4623 1634 4674 cor
1691 4603 1784 4674 lta
1839 4604 1914 4675 la
1973 4608 2223 4704 yeme:
2287 4598 2483 4675 unde
2540 4600 2707 4675 vide
2766 4601 2964 4694 quod

597 4721 886 4798 Dantoe
935 4721 1084 4796 ibat
1129 4720 1224 4796 ad
1273 4722 1611 4797 dextram
1670 4724 1886 4818 juxta
1941 4721 2172 4816 ripam
2242 4721 2529 4815 montis,
2592 4727 2667 4796 et
2724 4721 2965 4818 Virgi-

620 4841 760 4916 lius
809 4843 1048 4917 bonus
1096 4842 1248 4916 dux
1315 4842 1466 4916 ibat
1525 4842 1619 4916 ad
1670 4842 2034 4916 sinistram
2097 4861 2190 4916 ne
2254 4848 2544 4936 rueret3
2606 4847 2682 4916 et
2732 4843 2967 4916 utitur

749 5107 808 5172 (Ι)
840 5109 900 5159 E.
933 5113 988 5159 et
1017 5109 1106 5160 alii
1136 5111 1325 5163 minus.
1823 5108 1877 5171 (²)
1910 5109 1970 5160 E.
2007 5109 2219 5173 recepit.
