4392 6850
1196 955 1474 1009 omres
1523 954 1837 1011 omnus
1884 954 2222 1011 ocuvm.
2736 940 2880 1010 495

547 1122 717 1177 vere
769 1101 903 1177 ista
953 1122 1135 1198 gens
1186 1102 1321 1175 suit
1371 1101 1529 1176 vilis
1594 1108 1668 1177 et
1734 1102 1953 1196 lenta,
2004 1102 2177 1197 quia
2243 1122 2414 1177 cum
2479 1103 2793 1179 venisset
2841 1122 2886 1175 a

546 1220 755 1297 Troia
807 1222 881 1295 in
932 1221 1276 1314 Siciliam,
1311 1242 1485 1296 cum
1530 1230 1638 1296 tot
1681 1221 2074 1316 laboribuS,
2118 1222 2456 1317 periculis
2491 1228 2565 1297 et
2607 1223 2890 1296 incom-

548 1342 801 1437 modiS,
826 1342 1017 1419 bene
1052 1348 1389 1438 poterant
1422 1342 1737 1419 transire
1768 1342 2045 1419 Italiam
2079 1336 2183 1437 (¹),
2214 1363 2382 1437 quae
2409 1350 2522 1419 est
2553 1348 2884 1439 separata

545 1485 590 1538 a
639 1462 877 1539 Sicilia
924 1463 1443 1561 angustissimo
1497 1464 1727 1558 pharo
1778 1464 2143 1539 Messanae.
2197 1463 2368 1541 Ideo
2429 1464 2620 1541 bene
2677 1464 2885 1539 dicit:

550 1590 799 1678 offerse
845 1606 919 1659 se
965 1594 1183 1659 stessa
1232 1606 1281 1657 a
1332 1586 1497 1674 vita,
1534 1583 1741 1678 idest,
1772 1582 1867 1658 ad
1902 1583 2298 1659 vivendum
2341 1585 2414 1658 in
2464 1583 2639 1678 otio,
2669 1605 2890 1657 senza

547 1708 809 1797 aleria,
861 1705 1033 1800 quia
1085 1725 1232 1778 non
1283 1703 1481 1779 venit
1530 1725 1707 1778 cum
1758 1704 1915 1778 aliis
1972 1704 2065 1779 ad
2128 1705 2582 1780 fundandum
2639 1725 2888 1779 roma-

552 1847 729 1899 num
765 1824 1157 1921 imperium
1192 1824 1897 1921 gloriosum—poi.
1927 1824 2058 1898 Hic
2092 1824 2351 1899 ultimo
2387 1832 2600 1920 poeta
2633 1824 2892 1898 finiens

552 1951 945 2019 tractatum
996 1944 1291 2019 accidiae
1324 1950 1399 2019 et
1432 1944 1779 2019 claudens
1816 1943 2003 2019 istud
2042 1946 2284 2021 nobile
2317 1945 2718 2040 capitulum
2760 1944 2893 2019 de-

551 2065 795 2141 scribit
846 2086 1056 2139 suam
1108 2065 1647 2161 dispositionem
1702 2070 1779 2141 et
1824 2074 2263 2161 apparatum
2307 2066 2402 2141 ad
2453 2070 2888 2160 sequentem

554 2187 959 2262 materiam.
1024 2186 1229 2262 Unde
1285 2185 1495 2261 dicit:
1550 2190 1681 2259 Poi
1742 2188 2027 2283 quando
2090 2190 2310 2279 quelle
2366 2188 2634 2277 ombre,
2685 2184 2896 2278 idest,

550 2306 816 2383 animae
865 2305 1248 2401 praedictae,
1295 2310 1421 2400 fur
1470 2309 1567 2379 da
1616 2310 1739 2379 noi
1772 2315 1964 2381 tanto
1998 2310 2240 2400 divise,
2298 2328 2431 2403 per
2479 2304 2890 2381 distantiam

551 2426 709 2520 loci,
760 2427 881 2499 che
931 2429 1141 2499 veder
1184 2420 1307 2518 pin)
1358 2446 1503 2499 non
1542 2430 1835 2520 potami,
1880 2445 2017 2501 nec
2054 2425 2296 2500 audiri
2341 2426 2694 2519 similiter,
2731 2424 2900 2501 ideo

554 2566 645 2620 ne
678 2545 1139 2621 incurrerem
1175 2546 1435 2653 vitium
1467 2546 1785 2641 accidioe,
1818 2568 2051 2621 nuovo
2074 2550 2430 2639 pen-siem,
2473 2545 2767 2639 scilicet,
2803 2545 2898 2621 de

556 2686 741 2743 nova
794 2667 1101 2742 materia
1150 2667 1482 2741 venanda
1518 2658 1617 2760 (²),
1652 2670 1900 2741 deno-o
1949 2688 2000 2740 a
2048 2688 2159 2740 me
2194 2670 2262 2741 si
2292 2671 2484 2757 mise,
2527 2666 2732 2759 idest,
2784 2666 2898 2739 in-

556 2788 771 2862 travit
822 2795 1145 2863 mentem
1198 2808 1471 2881 meam,
1522 2790 1637 2862 del
1683 2791 1851 2879 qual
1888 2784 2015 2881 pii}
2062 2791 2234 2862 altri
2277 2808 2630 2881 nac-quero
2687 2809 2728 2861 e
2783 2790 2898 2861 di·-

556 2912 739 2982 versi
749 2934 781 3003 ,·
832 2913 906 2983 et
954 2908 1154 2983 dicit:
1208 2930 1247 2981 e
1295 2916 1487 2983 tanco
1536 2910 1607 2981 d'
1630 2928 1773 2981 uno
1820 2912 1897 2981 in
1944 2910 2129 2982 altro
2178 2910 2555 2999 vaneyyiai
2611 2910 2730 2980 che
2795 2908 2898 2998 qli

554 3028 743 3101 ecclei
782 3049 916 3120 per
965 3028 1329 3125 vayhezza
1368 3030 1735 3120 ricopersi,
1780 3027 1991 3121 quasi
2040 3027 2279 3103 dicat:
2331 3026 2743 3120 obdormui‚
2780 3047 2818 3098 e
2847 3028 2900 3099 ’ἱ

551 3157 996 3245 pensamento
1018 3152 1093 3222 in
1115 3170 1341 3239 soyno
1375 3152 1763 3222 trasmutai.
1793 3147 1963 3221 Vult
1988 3147 2258 3243 dicere,
2294 3146 2491 3242 quod
2519 3148 2592 3221 in
2633 3166 2898 3221 somno

556 3269 721 3344 fecit
771 3268 1103 3343 mirabile
1152 3269 1521 3343 somnium
1588 3268 1787 3361 quod
1848 3266 2286 3343 describitur
2351 3266 2664 3341 mirabili
2732 3271 2896 3340 arte

556 3390 869 3488 capitulo
918 3390 1291 3485 sequenti3
1342 3395 1417 3466 et
1468 3410 1600 3484 per
1634 3388 1823 3464 istud
1858 3388 2230 3464 somnium
2275 3394 2490 3486 poeta
2525 3386 2648 3462 dat
2685 3386 2898 3461 intel-

558 3511 675 3609 ligi
726 3512 1163 3608 profundam
1213 3511 1777 3587 abstractionem
1822 3509 2109 3604 mentiS,
2149 3530 2284 3605 per
2327 3530 2552 3603 quam
2589 3507 2756 3583 fecit
2785 3506 2898 3582 al-

558 3639 704 3706 tam
760 3633 1150 3726 fictionem,
1200 3637 1288 3705 ut
1334 3631 1576 3705 statim
1630 3629 1989 3725 sequitur.
2731 3661 2738 3668 ·

678 3896 733 3958 (¹)
766 3895 827 3946 Ε.
860 3899 1065 3960 poterat
1096 3895 1313 3945 transire
1344 3893 1398 3944 in
1426 3893 1648 3944 Italiam.
2020 3889 2079 3955 (¹)
2112 3891 2172 3942 Ε.
2206 3891 2569 3955 investiganda.
