4392 6850
1415 937 1557 1005 230
2136 943 2549 1006 coMEN‘run
2597 951 3037 1008 ruaoxroau

1415 1117 1622 1171 mum
1690 1093 2175 1192 principium3
2240 1105 2315 1172 et
2374 1097 2763 1191 respondet
2820 1095 3171 1172 continuo
3229 1096 3364 1171 sibi
3426 1096 3581 1193 ipsi,
3644 1099 3761 1173 che

1411 1240 1558 1292 non
1604 1221 1706 1309 qli
1767 1213 1808 1292 c*
1863 1217 2131 1309 guado,
2198 1217 2403 1311 idest,
2473 1237 2621 1292 non
2692 1223 2803 1293 est
2866 1217 3168 1313 vadum,
3227 1220 3347 1293 vel
3410 1217 3553 1312 via,
3614 1240 3764 1314 quo

1415 1342 1640 1416 homo
1707 1337 1930 1435 possit
1997 1357 2449 1434 cognoscere
2514 1336 2870 1413 infinitam
2936 1338 3325 1414 essentiam
3400 1339 3763 1436 primam3

1415 1459 1627 1556 quasi
1677 1459 1870 1535 dicat
1918 1478 2071 1533 uno
2121 1459 2353 1534 verbo
2389 1457 2670 1534 Ninus:
2726 1459 2990 1534 adiuro
3040 1466 3115 1535 te
3164 1481 3299 1555 per
3347 1461 3555 1536 illum
3607 1460 3768 1536 infi-

1415 1579 1678 1673 nitum,
1728 1579 2537 1673 incomprehensibilem
2600 1580 3053 1674 Creatorem,
3114 1581 3328 1656 cuius
3393 1580 3765 1679 singulare

1413 1699 1857 1777 beneficium
1933 1705 2223 1774 tantum
2289 1700 2572 1776 relucet
2638 1699 2712 1775 in
2775 1707 2889 1775 te:
2952 1705 3238 1796 quando
3301 1707 3497 1776 serai
3559 1705 3636 1778 di
3692 1693 3765 1778 ἰὰ

1415 1825 1602 1897 dalle
1642 1823 1888 1912 larqhe
1921 1823 2126 1912 onde,
2163 1819 2454 1915 scilicet,
2494 1820 2761 1896 Oceani
2798 1820 3249 1916 intermedii3
3283 1823 3492 1918 quasi
3533 1823 3761 1899 dicat:

1418 1941 1714 2037 quando
1767 1939 2118 2016 rediveris
2167 1940 2262 2015 ad
2313 1940 2674 2016 mundum
2710 1941 3141 2036 viventium,
3176 1941 3304 2037 qui
3348 1949 3460 2018 est
3492 1943 3764 2018 divisus

1417 2083 1464 2136 a
1489 2067 1742 2136 nostro
1768 2081 1812 2134 a
1840 2081 2110 2156 magno
2149 2060 2362 2155 mari,
2398 2063 2492 2133 di'
2518 2081 2568 2132 a
2600 2063 2972 2134 Giovanna
3004 2066 3174 2153 mia,
3212 2062 3377 2138 filiae
3411 2084 3621 2158 meae,
3649 2065 3769 2137 che

1410 2202 1548 2276 per
1597 2201 1706 2254 me
1753 2183 2027 2272 chiami,
2063 2180 2358 2275 seilicet,
2400 2179 2680 2255 orando
2714 2179 2979 2256 devote
3029 2180 3122 2256 ad
3154 2182 3422 2278 Deum,
3456 2174 3529 2257 ld
3562 2186 3768 2276 dove,

1419 2303 1691 2378 scilicet
1755 2302 1830 2376 in
1899 2303 2111 2395 coelo,
2173 2303 2317 2392 aql’
2339 2303 2687 2374 innocenti
2755 2303 2820 2374 si
2888 2304 3247 2395 risponde,
3323 2302 3497 2397 quia
3570 2304 3769 2378 Deus

1421 2421 1722 2499 exaudit
1783 2441 2040 2518 preces
2106 2421 2581 2496 innocentum
2636 2421 2927 2516 justas;
2992 2427 3067 2495 et
3128 2421 3267 2496 ista
3334 2433 3497 2499 erat
3559 2423 3769 2522 virgo

1417 2546 1662 2640 puella
1714 2563 1922 2640 pura.
1976 2540 2183 2616 Unde
2223 2541 2316 2616 ad
2357 2541 2909 2637 intelligentiam
2946 2542 3227 2617 claram
3279 2541 3487 2618 istius
3538 2543 3769 2618 literae

1421 2670 1498 2740 et
1547 2662 1919 2759 sequentis
1967 2663 2192 2737 debes
2244 2661 2457 2756 scire,
2492 2661 2689 2755 quod
2740 2661 2876 2736 iste
2925 2661 3183 2736 nobilis
3232 2661 3465 2736 Ninus
3514 2663 3771 2737 habuit

1421 2784 1496 2859 in
1545 2803 1861 2858 uxorem
1915 2783 2278 2857 illustrem
2317 2781 2691 2857 dominam
2726 2781 3159 2877 Beatricem,
3194 2803 3529 2858 sororem
3567 2805 3769 2858 mar-

1421 2902 1698 2979 chionis
1761 2902 2067 2977 estensis
2113 2900 2377 2975 Azouis
2426 2901 2517 2975 111
2585 2902 2863 2997 famosi,
2932 2901 3025 2978 de
3100 2923 3249 2996 quo
3309 2903 3463 2999 jam
3542 2926 3770 3001 supra

1421 3026 1611 3101 facta
1662 3031 1773 3099 est
1833 3023 2108 3098 mentio
2168 3021 2485 3116 capitulo
2536 3022 2596 3096 V
2658 3023 2879 3096 huius
2940 3023 3125 3117 libri,
3178 3030 3253 3098 et
3312 3023 3481 3098 alibi
3532 3045 3768 3121 saepe3

1421 3167 1517 3222 ex
1583 3165 1731 3240 qua
1799 3143 2056 3240 gennit
2123 3141 2371 3237 filiam,
2448 3163 2617 3237 quae
2676 3148 2935 3217 vocata
3014 3150 3126 3218 est
3188 3144 3537 3219 Johanna.
3606 3145 3771 3239 Ipse

1425 3286 1605 3341 vero
1647 3272 1988 3339 mortuus
2019 3269 2132 3364 est
2170 3263 2327 3338 sine
2368 3265 2697 3339 mascula
2716 3255 2792 3357 (¹)
2828 3265 3070 3359 prole:
3112 3271 3275 3359 post
3314 3265 3525 3340 cuius
3559 3285 3767 3342 mor-

1423 3394 1572 3463 tem
1625 3407 1822 3462 uxor
1873 3385 2031 3462 eius
2099 3385 2345 3481 nupsit
2390 3384 2690 3462 domino
2752 3384 3079 3461 Galeatio
3142 3384 3589 3481 Vicecomiti,
3640 3405 3767 3461 ca-

1423 3508 1714 3605 pitaneo
1763 3505 2166 3600 Mediolani,
2219 3511 2295 3582 et
2344 3505 2489 3579 filia
2539 3504 2699 3579 eius
2752 3506 2994 3601 nupsit
3058 3505 3358 3580 domino
3408 3506 3775 3581 Richardo

1421 3630 1516 3705 de
1567 3628 1871 3704 Camino
1921 3627 2219 3702 domino
2269 3626 2593 3703 Tarvisii.
2655 3626 2825 3701 Ideo
2875 3628 3103 3702 Ninus
3167 3634 3377 3725 rogat
3434 3629 3773 3725 Dantem,

1423 3755 1509 3823 ut
1556 3747 1749 3823 dicat
1798 3748 1962 3822 filiae
2013 3768 2192 3841 suae,
2245 3747 2443 3842 quod
2511 3754 2721 3845 roget
2790 3769 2923 3845 pro
2974 3770 3089 3844 eo,
3143 3750 3317 3844 quia
3383 3771 3579 3826 uxor
3637 3773 3773 3827 sua

1423 3892 1572 3947 non
1641 3868 1929 3944 videtur
1991 3869 2307 3964 amplius
2368 3889 2639 3952 curare
2698 3869 2791 3945 de
2856 3890 2969 3945 eo.
3000 3912 3100 3924 —
3127 3876 3289 3943 Non
3348 3876 3581 3945 credo.
3642 3873 3775 3947 Hic

1421 3989 1652 4063 Ninus
1685 3989 2015 4083 ostendit,
2051 4009 2289 4083 quare
2324 4009 2471 4061 non
2507 3990 3060 4065 recommendat
3093 4010 3175 4065 se
3207 3992 3423 4066 uxori
3456 3983 3559 4086 (²),
3596 3992 3767 4086 quia

1423 4131 1571 4185 non
1622 4110 1874 4204 credit,
1925 4109 2124 4206 quod
2174 4108 2489 4204 amplius
2539 4116 2754 4185 curet
2799 4109 2894 4185 de
2944 4131 3059 4204 e0,
3100 4110 3291 4184 sicut
3322 4110 3558 4187 slmile
3590 4111 3773 4185 dixit

1423 4252 1644 4328 supra
1697 4232 2106 4306 Boncontes
2155 4230 2249 4305 de
2300 4230 2753 4307 Monteseltro
2803 4230 2895 4305 de
2945 4231 3274 4306 Johanna
3319 4252 3557 4307 uxore
3606 4252 3769 4305 sua.

1422 4350 1608 4426 Dicit
1657 4370 1885 4447 ergo:
1938 4356 2013 4424 et
2063 4370 2299 4444 quare
2348 4348 2509 4424 dico
2558 4349 2653 4425 de
2701 4349 2899 4424 filia?
2948 4350 3143 4445 quia,
3180 4372 3321 4424 non
3376 4354 3614 4443 credo,
3647 4352 3771 4424 clee

1425 4474 1498 4545 la
1547 4492 1679 4544 sua
1729 4474 2004 4562 madre,
2053 4471 2260 4565 idest,
2313 4470 2602 4545 Beatrix
2657 4490 2851 4545 uxor
2901 4492 3092 4564 mea,
3139 4492 3307 4565 quae
3360 4472 3461 4546 sic
3513 4478 3773 4547 vocata

1429 4598 1540 4665 est
1602 4612 1648 4667 a
1700 4592 2031 4666 Beatrice
2088 4591 2458 4686 quondam
2519 4590 3035 4667 Aldrovandini
3101 4594 3541 4667 marchionis
3605 4593 3773 4688 filia,

1429 4732 1596 4806 quae
1631 4712 1872 4807 nupsit
1905 4713 2305 4788 Andreasio
2348 4712 2505 4809 regi
2538 4712 2958 4809 Hungariae,
2996 4713 3265 4788 mulier
3300 4714 3773 4810 magnanima

1426 4831 1660 4926 valde,
1708 4828 1831 4924 piei
1881 4834 1972 4904 m’
2001 4836 2170 4924 ami,
2224 4832 2410 4906 sicut
2462 4831 2664 4926 prius
2693 4822 2767 4925 (³)
2822 4834 3119 4907 amabat
3170 4832 3244 4906 in
3296 4834 3486 4926 vita3
3530 4836 3779 4927 pos-cia

1551 5079 1606 5143 (¹)
1639 5080 1701 5130 Ε.
1733 5092 1765 5129 e
1800 5084 1907 5141 117,
1943 5084 2245 5135 masculina.
2420 5082 2475 5145 (²)
2509 5084 2561 5135 S.
2592 5085 2745 5135 uxori
2778 5098 2901 5147 σου,
2936 5087 3075 5151 quia.
3262 5085 3319 5149 (Ἴ
3351 5088 3460 5146 117,
3493 5098 3581 5135 me
3614 5086 3775 5150 prius.
