4392 6850
1224 983 1504 1044 currus
1553 985 1872 1046 neamus
1916 987 2251 1054 onim-us.
2759 973 2907 1046 413

559 1149 712 1208 non
754 1127 1128 1224 clamavit,
1175 1148 1322 1206 non
1371 1128 1925 1226 blasphemavit,
1977 1151 2124 1206 non
2180 1130 2453 1210 minata
2504 1137 2613 1210 ωε
2666 1128 2903 1206 vindi-

556 1255 790 1344 (πως
840 1249 997 1326 imo
1041 1249 1366 1346 benigne
1421 1250 1604 1328 dixit
1658 1271 1842 1330 voce
1891 1251 2141 1328 suavi:
2194 1251 2319 1346 iili,
2382 1252 2560 1346 quid
2619 1250 2899 1330 iecisti?

557 1389 733 1448 eece
789 1377 999 1466 pater
1058 1375 1233 1446 tuus
1297 1375 1372 1448 et
1427 1390 1572 1468 ego
1633 1371 1960 1448 dolentes
2024 1371 2549 1466 quaerebamus
2610 1378 2685 1448 te
2754 1377 2899 1450 ote.

556 1490 741 1570 Dicit
788 1511 1006 1587 ergo:
1049 1497 1124 1568 et
1174 1490 1564 1566 videbatur
1597 1490 1795 1586 mibi,
1832 1494 2065 1583 veder,
2101 1491 2178 1568 in
2210 1490 2329 1568 illa
2372 1491 2650 1568 visione
2682 1498 2897 1570 exta·

555 1611 722 1705 tien,
759 1606 890 1704 pi&
925 1631 1258 1704 pascae,
1305 1610 1496 1688 sicut
1539 1609 1960 1689 sacerdotes
2007 1617 2084 1688 et
2131 1610 2461 1688 seniores
2509 1633 2681 1688 cum
2728 1612 2905 1706 qui·-

555 1731 694 1810 hus
737 1731 1072 1808 Christus
1099 1731 1536 1830 disputabat,
1581 1734 1658 1804 in
1689 1751 1786 1806 im
1820 1733 2095 1824 temp-‘Q
2129 1731 2427 1826 scilicet,
2458 1731 2894 1826 seruantem,

553 1859 648 1930 ut
688 1851 1030 1930 scribitur
1093 1853 1314 1932 Lucae
1373 1851 1434 1926 11
1498 1851 1870 1952 capitu103
1937 1858 2003 1925 et
2053 1872 2203 1928 una
2264 1855 2537 1945 donna,
2599 1853 2901 1946 scilicet,

555 1973 802 2066 Maria,
851 1977 928 2048 in
971 1995 1056 2048 su
1105 1975 1149 2045 ι’
1173 1980 1448 2064 επεναν,
1499 1972 1690 2050 iilius
1719 1966 1792 2064 (⁴)
1847 1971 2124 2068 templi,
2185 1992 2321 2044 coen
2376 1980 2521 2046 atto
2570 1975 2767 2048 dolce
2812 1975 2893 2048 di

555 2097 836 2185 we,
881 2115 1033 2171 non
1077 2093 1307 2188 iratae,
1344 2096 1566 2185 ὤεον,
1603 2093 1915 2186 Christo,
1942 2095 2224 2184 fiolinol
2261 2095 2433 2184 mio,
2470 2088 2729 2185 perclo&
2770 2095 2903 2168 lini

555 2222 624 2288 tii
671 2207 814 2290 cosi
861 2237 1068 2290 verso
1115 2217 1236 2290 noi
1266 2219 1496 2309 fatto?
1527 2214 1768 2292 dando
1804 2214 2008 2290 nobis
2043 2213 2397 2289 dolorem.
2435 2213 2643 2292 Unde
2678 2213 2897 2292 dicit:

552 2355 712 2408 eoeo
759 2337 833 2408 lo
877 2343 998 2412 uio
1035 2338 1294 2428 padre,
1343 2335 1636 2428 scilicet,
1689 2335 1980 2429 Ioseph,
2019 2341 2084 2408 et
2129 2337 2203 2408 io
2240 2336 2501 2408 dolenti
2548 2338 2601 2412 n·
2648 2355 2897 2412 cerea·-

553 2473 808 2548 vauio5
856 2462 930 2530 et
979 2455 1181 2532 dicit:
1232 2476 1274 2532 e
1319 2475 1512 2530 come
1559 2457 1788 2546 quella
1839 2461 2104 2546 cacque,
2161 2453 2455 2548 scilicet,
2490 2455 2741 2550 Maria,
2780 2447 2899 2534 cio

551 2577 670 2650 che
693 2596 969 2668 pareva
995 2578 1262 2672 prima,
1289 2573 1584 2669 scilicet,
1613 2575 1992 2668 templum,
2021 2593 2375 2669 personae,
2398 2574 2751 2669 Christus
2777 2577 2895 2650 di-

553 2687 814 2788 sparto.
841 2735 940 2750 -
963 2697 1144 2768 Indi.
1197 2694 1327 2772 Hic
1378 2702 1594 2790 poeta
1641 2693 1985 2769 describit
2032 2693 2253 2768 aliam
2296 2693 2685 2770 mulierem
2720 2713 2899 2788 quae

555 2835 686 2910 per
733 2815 1187 2890 contrarium
1239 2814 1484 2890 Mariae
1533 2815 1720 2892 irata
1769 2814 2062 2909 petebat
2109 2813 2545 2910 vindictam3
2596 2815 2723 2892 sed
2772 2815 2890 2890 vir

555 2935 716 3012 eius
746 2957 1017 3033 magna
1069 2935 1572 3014 moderatione
1616 2935 1930 3030 placavit
1962 2955 2168 3028 eam;
2202 2940 2279 3013 et
2312 2943 2513 3010 recte
2559 2936 2887 3031 procedit

553 3061 785 3150 poeta.
840 3057 1140 3132 Poterat
1187 3055 1382 3130 enim
1432 3055 1680 3130 dicere
1729 3053 1992 3148 aliquis
2042 3053 2472 3130 iracundus:
2530 3077 2679 3132 non
2719 3075 2895 3150 pos-

551 3199 714 3254 sum
761 3177 1110 3272 exemplo
1157 3175 1402 3252 Marias
1451 3175 1828 3251 continere
1889 3195 2010 3252 me
2068 3175 2164 3254 ab
2226 3176 2377 3271 ira3
2424 3176 2589 3252 ideo
2640 3176 2891 3254 statim

549 3297 844 3374 adducit
891 3298 1314 3392 exemplum
1365 3296 1460 3371 de
1509 3296 1806 3372 homine
1857 3302 2243 3390 peccatore
2291 3303 2367 3374 et
2416 3317 2723 3393 pagano.
2776 3295 2887 3376 Ad

547 3419 761 3497 cuius
826 3418 1312 3516 cognitionem
1385 3424 1494 3495 est
1553 3416 2082 3514 praesciendum
2149 3417 2375 3511 quod,
2438 3418 2627 3493 sicut
2688 3424 2891 3513 patei

543 3538 742 3635 apud
787 3538 1110 3615 Tullium
1175 3545 1250 3615 et
1298 3537 1676 3613 Valerium
1741 3544 1818 3613 et
1884 3537 2154 3611 multos
2210 3536 2421 3631 alioS,
2468 3538 2891 3617 Pisistratus

544 3658 680 3739 ruit
725 3659 904 3735 civis
954 3658 1391 3739 atheniensis
1440 3678 1760 3755 magnus
1807 3656 2279 3753 phiiosophus
2320 3665 2395 3735 et
2444 3664 2725 3753 orator,
2758 3658 2893 3755 qui

546 3779 858 3859 mirabili
909 3780 1326 3875 eloquentia
1377 3787 1454 3855 et
1503 3778 1764 3855 fraude
1820 3799 1956 3853 sua
2015 3778 2349 3874 pervenit
2406 3780 2501 3855 ad
2554 3779 2893 3875 tyranni*

545 3902 714 3981 dein
763 3902 1246 3995 Athenarum,
1294 3921 1520 3996 quam
1569 3899 1808 3975 tenuit
1857 3899 2152 3996 triginta
2207 3908 2530 3994 quatuor
2560 3892 2635 3992 (¹)
2674 3900 2888 3978 annis

547 4043 720 4099 cum
771 4022 936 4099 odio
976 4021 1384 4117 principum
1419 4026 1496 4097 et
1531 4040 1791 4095 amore
1825 4019 2076 4114 plebis„
2111 4026 2196 4094 ut
2234 4020 2486 4097 scribit
2519 4020 2889 4115 Iustinus3

547 4142 762 4221 cuius
807 4142 1030 4219 filiam
1093 4140 1647 4236 pulcerrimam,
1693 4160 1866 4217 curn
1933 4146 2174 4217 mater
2232 4160 2485 4217 secum
2550 4140 2879 4234 duceret,

547 4263 846 4358 quidam
895 4262 1316 4341 adolescens
1379 4260 1645 4337 ardens
1703 4259 1867 4335 eius
1921 4279 2180 4336 amore
2240 4280 2639 4337 occurrens
2689 4258 2757 4335 ei
2807 4258 2883 4335 in

546 4383 667 4463 via
711 4382 907 4459 dedit
956 4382 1057 4456 illi
1097 4380 1460 4474 menium,
1494 4386 1796 4476 propter
1826 4380 2024 4473 quod
2067 4400 2257 4457 uxor
2293 4379 2525 4476 magis
2572 4398 2887 4457 accensa

543 4504 674 4599 ira,
727 4524 957 4599 quam
996 4502 1292 4598 jnvenis
1339 4522 1620 4593 amore,
1671 4500 1976 4577 accessit
2035 4500 2130 4574 ad
2187 4500 2433 4579 virum
2489 4507 2743 4597 petens
2790 4500 2895 4579 de·

542 4632 698 4705 tam
741 4624 994 4701 insana
1043 4623 1458 4701 temeritate
1513 4621 1931 4699 vindictam.
1980 4619 2393 4697 Pisistratus
2448 4629 2705 4699 autom
2754 4622 2890 4717 ju-

543 4752 726 4820 stam
779 4745 966 4819 iram
1023 4744 1355 4819 mulieris
1403 4740 1728 4838 jocundo
1793 4746 2197 4816 scommate
2258 4740 2637 4843 mitigavit.
2693 4740 2885 4815 Dixit

544 4864 734 4939 enim
787 4864 1212 4942 subridens:
1265 4862 1440 4960 quid
1499 4862 1854 4939 faciemus
1913 4860 2237 4937 hostibus
2296 4860 2561 4937 nostris
2622 4860 2683 4937 si
2746 4883 2884 4957 pu-

669 5115 722 5178 (¹)
753 5114 806 5165 S.
840 5116 1054 5175 scilicet,
1083 5115 1224 5167 illius
1255 5113 1455 5178 templi.
1829 5110 1882 5171 (⁸)
1913 5110 1976 5164 R.
2007 5114 2070 5161 u
2099 5111 2265 5167 m
