4392 6850
1241 969 1518 1028 cffl‘rvs
1567 973 1886 1030 amemus
1933 974 2268 1040 QUINTUS.
2775 965 2917 1032 417

577 1115 938 1190 crantibus
989 1136 1188 1192 eum.
1239 1117 1384 1192 bte
1433 1118 1630 1192 enim
1677 1119 2110 1214 Stephanus,
2145 1127 2231 1192 ut
2266 1119 2580 1194 habetur
2616 1119 2689 1194 in
2728 1121 2927 1196 Acti-

582 1235 722 1310 bus
766 1236 1310 1330 Apostolorum,
1347 1243 1512 1332 post
1558 1245 1880 1313 mortem
1929 1238 2190 1316 Chri&
2242 1239 2505 1334 plenus
2552 1242 2797 1338 gratia
2846 1251 2921 1318 et

583 1353 1002 1430 kirtitud'me
1049 1355 1362 1430 &ciebat
1409 1357 1738 1454 prodigia
1789 1365 1864 1433 et
1910 1359 2118 1456 signa
2169 1359 2245 1432 in
2294 1359 2741 1455 Jerusalem
2791 1363 2917 1438 sed

577 1495 748 1552 cum
799 1475 1104 1570 quidam
1151 1475 1246 1550 de
1291 1497 1666 1574 synagoga
1715 1479 2168 1574 disputantes
2218 1501 2473 1555 secum
2537 1501 2684 1556 non
2750 1501 2919 1577 pos-

575 1602 738 1672 sent
783 1596 1128 1671 resistere
1177 1596 1548 1692 sapientiae
1595 1598 1778 1693 eius»,
1833 1599 2401 1674 intmduxerunt
2460 1599 2647 1676 duos
2700 1601 2919 1677 falsos

576 1723 816 1812 testes,
867 1716 996 1811 qui
1043 1725 1478 1793 accusarent
1507 1710 1580 1810 (¹)
1617 1739 1794 1794 eum
1835 1719 1932 1794 de
1963 1720 2417 1815 blasphemia
2452 1721 2527 1794 in
2566 1722 2803 1796 Deum
2840 1731 2920 1798 et

575 1839 920 1932 Moysem.
971 1838 1063 1910 At
1113 1835 1236 1910 iiie
1284 1836 1554 1912 radens
1605 1839 1832 1914 altam
1885 1839 2595 1916 commendationem
2632 1842 2727 1916 de
2761 1843 2919 1916 Deo

574 1963 651 2033 et
695 1959 942 2053 Moyse
989 1957 1330 2054 purgavit
1379 1978 1462 2033 se
1508 1978 1555 2032 a
1603 1957 1914 2034 crimine
1951 1958 2269 2052 obiecto,
2305 1965 2381 2034 et
2418 1961 2641 2054 coepit
2674 1961 2917 2036 incre-

573 2096 752 2172 pare
799 2097 950 2152 eos.
1001 2076 1093 2150 At
1143 2077 1244 2150 iili
1291 2076 1692 2152 stridebant
1723 2077 2065 2152 dentibus
2095 2078 2170 2153 in
2222 2097 2446 2171 eum3
2488 2078 2609 2154 ille
2656 2087 2917 2156 autem
2966 2105 2971 2110 ·

571 2198 862 2272 intuens
920 2197 994 2269 in
1053 2197 1326 2271 coelum
1385 2197 1600 2271 dixit:
1661 2198 1850 2273 Ecce
1917 2198 2128 2273 video
2189 2198 2415 2274 coelos
2474 2205 2767 2295 apertos
2840 2207 2920 2275 et

572 2317 825 2394 Jaeum
857 2321 1172 2392 stantem
1205 2317 1298 2392 ad
1331 2316 1712 2392 dexteram
1750 2317 1900 2392 Dei.
1939 2317 2144 2392 Tunc
2177 2320 2677 2394 exclamantes
2710 2321 2917 2394 clau-

573 2443 833 2514 serunt
877 2455 1106 2512 aures
1129 2427 1204 2528 (²)
1257 2457 1436 2510 suas
1481 2437 1690 2530 quasi
1741 2437 2227 2514 abhorrentes
2268 2439 2531 2514 audire
2580 2441 2921 2535 blasphe-

577 2559 826 2650 miam,
861 2565 938 2632 et
966 2556 1342 2631 duxerunt
1373 2547 1448 2649 (³)
1485 2575 1658 2632 eum
1697 2565 1910 2634 extra
1941 2579 2389 2655 synagogam
2428 2565 2503 2636 et
2543 2560 2919 2655 lapidave-

579 2685 754 2754 runt
803 2697 1020 2770 eum3
1073 2677 1324 2772 positis
1367 2685 1622 2754 autem
1673 2678 1986 2774 genibus
2019 2677 2456 2753 exclamavit
2486 2667 2586 2773 (⁴),
2628 2675 2935 2755 dicens}

579 2797 912 2890 Domine,
962 2817 1058 2870 ne
1104 2803 1382 2872 statuas
1434 2796 1568 2870 inis
1615 2798 1756 2872 hoc
1807 2803 2223 2891 peccatum3
2264 2805 2341 2872 et
2388 2818 2563 2872 cum
2612 2799 2753 2873 hoc
2800 2799 2917 2872 di-

579 2919 801 2994 xisset
843 2917 1284 2992 ohdormivit
1333 2916 1408 2990 in
1465 2917 1798 2992 Domino.
1863 2917 1967 2991 Ad
2037 2917 2327 2993 literam
2390 2938 2609 3014 ergo:
2673 2919 2925 3013 primo

577 3045 790 3136 poeta
838 3036 1074 3133 tangit
1120 3037 1308 3112 iram
1346 3036 1795 3132 judaeorum,
1831 3037 2116 3112 dicens:
2151 3041 2286 3112 Poi
2330 3040 2498 3128 vidi,
2534 3038 2610 3112 in
2644 3038 2905 3114 eadem

578 3160 876 3252 visione,
907 3161 1098 3250 aenei
1139 3179 1376 3232 accese
1401 3161 1478 3230 in
1509 3161 1722 3250 [uoco
1753 3159 1826 3232 α’
1848 3161 1997 3247 ira,
2029 3177 2201 3231 nam
2252 3158 2361 3232 ira
2412 3165 2523 3232 est
2572 3158 2915 3233 accensio

575 3278 950 3376 sanguinis
998 3278 1192 3354 circa
1243 3298 1396 3370 cor,
1448 3279 1736 3350 ancider
1780 3281 1968 3371 forte
2013 3297 2112 3350 im
2157 3280 2567 3368 moventem,
2618 3277 2914 3372 scilicet,

573 3400 1054 3495 Stephanum,
1084 3417 1216 3471 con
1245 3403 1490 3491 ρθενες
1524 3397 1720 3473 unde
1753 3397 2018 3473 Arator
2077 3403 2292 3492 poeta
2324 3397 2519 3491 dicit,
2552 3396 2753 3492 quod
2792 3397 2913 3473 illa

573 3541 754 3619 gens
801 3539 1028 3595 saxea
1077 3519 1434 3614 oppressit
1483 3539 1658 3593 eum
1711 3518 2104 3614 lapidibus;
2141 3518 2269 3593 sed
2312 3516 2429 3592 ilie
2468 3538 2603 3612 per
2642 3517 2919 3613 lapides

571 3640 876 3716 adhaesit
923 3644 1172 3734 petrae,
1209 3638 1415 3730 idest,
1449 3639 1756 3731 Christo,
1793 3646 1869 3713 et
1915 3638 2124 3713 dicit:
2158 3640 2521 3729 minando
2554 3659 2602 3711 a
2632 3660 2709 3711 se
2729 3660 2921 3731 pur.-

577 3753 906 3851 πιανῶ-α,
939 3750 1269 3848 martiro,
1305 3760 1778 3833 exhortantes
1827 3779 1907 3833 se
1957 3758 2293 3834 invicem.
2334 3759 2419 3832 Et
2470 3759 2705 3855 tangit
2754 3778 2919 3835 mo-

573 3881 1030 3957 derationem
1079 3879 1447 3973 Stephani,
1499 3878 1786 3955 dicens:
1823 3901 1862 3951 e
1891 3882 2106 3953 vedeo
2157 3882 2283 3969 lui,
2314 3878 2609 3973 scilicet,
2640 3881 2917 3974 juven-

574 4002 859 4095 culum,
907 4003 1220 4075 chinum
1253 3990 1378 4091 oid
1417 4002 1492 4073 in
1528 3995 1652 4072 ver
1691 4002 1764 4073 Ia
1803 4006 2028 4089 terra,
2077 4018 2251 4073 cum
2306 4016 2643 4093 corpore,
2674 4018 2811 4090 per
2840 4001 2915 4071 la

575 4128 796 4197 morte
855 4123 978 4195 che
1030 4123 1075 4192 l'
1103 4140 1559 4212 (moravam,
1635 4118 1774 4193 sub
1836 4118 2303 4194 multitudine
2361 4116 2727 4213 lapidum3
2791 4139 2912 4191 ma

574 4244 758 4333 dealt·
787 4244 980 4315 ooeki
1004 4245 1214 4334 soom
1239 4260 1514 4333 sempr-e
1545 4243 1622 4312 αἱ
1651 4242 1783 4313 ciel
1805 4246 2056 4331 porte3
2091 4259 2241 4314 non
2266 4238 2664 4312 immemor
2700 4258 2913 4311 man-

574 4361 722 4437 dati
769 4360 1058 4435 Domini
1085 4351 1188 4453 (⁵),
1247 4359 1376 4453 qni
1435 4359 1778 4455 praecepit
1839 4358 2040 4434 orari
2102 4378 2239 4453 pro
2303 4356 2914 4453 persequentibus

577 4503 727 4559 noe.
791 4482 998 4561 Unde
1053 4480 1262 4556 dicit:
1314 4483 1594 4553 ormo
1643 4484 1688 4553 l’
1711 4482 1860 4555 alto
1904 4484 2073 4570 sib-e,
2123 4479 2330 4572 idest,
2382 4478 2645 4571 Deum,
2696 4478 2913 4553 aliter

575 4626 803 4699 quam
851 4602 1120 4677 mulier
1169 4601 1476 4698 rogabat
1525 4600 1746 4696 paulo
1792 4605 1966 4675 ante
2003 4600 2389 4674 dominum
2428 4598 2916 4693 Athenarum,

877 4870 1268 4919 manumul-
1925 4862 1983 4927 (¹)
2011 4864 2072 4915 B.
2105 4876 2264 4914 euros
2290 4876 2477 4913 eorum
2509 4862 2676 4926 quasi.

876 4942 1203 4994 adduxerunt
1233 4955 1356 4993 eum
1389 4946 1535 4992 extra
1569 4942 1828 4991 civitatem
1861 4945 1916 4990 et
1945 4940 2321 5004 lapidaverunt.

879 5020 1016 5070 idem
1049 5020 1372 5069 exclamavit.

883 5096 1092 5147 Domini
1123 5097 1287 5147 nostri
1303 5096 1428 5145 Iesu
1449 5094 1636 5146 Christi
1657 5094 2122 5159 Redemptor-isque
2141 5091 2511 5159 mund-nimi,
2528 5090 2617 5155 qui
2650 5088 2911 5153 pracepit.

839 5204 918 5247 111.
2592 5198 2645 5241 27

695 4871 710 4931 (

697 4946 712 5005 (

781 4867 847 5069 τηεμ

713 4869 750 5003 :3
829 4979 844 4994 .

715 5022 754 5082 ·)

700 5024 714 5082 (

700 5098 754 5159 (“)

786 5097 832 5147 hu
