4392 6850
1455 919 1596 990 240
2181 928 2589 985 commun
2638 931 3077 985 runeuonn

1449 1079 1612 1150 erat
1663 1074 2032 1150 Corradus
2087 1074 2415 1149 marchio
2466 1075 2879 1171 Malaspina,
2932 1075 3052 1148 che
3098 1076 3156 1148 ε’
3182 1095 3312 1148 era
3356 1079 3671 1150 raccolta
3726 1079 3805 1150 al

1337 1246 1344 1260 .
1449 1197 1744 1285 vindice,
1813 1194 2020 1288 idest,
2081 1215 2251 1288 quae
2311 1200 2642 1272 traxerat
2702 1216 2783 1270 se
2842 1214 3101 1270 versus
3160 1193 3454 1290 Ninum,
3516 1199 3801 1287 quando

1450 1307 1752 1405 chiama,
1800 1312 2007 1408 idest,
2060 1313 2356 1409 quando
2406 1335 2499 1391 ex
2552 1314 3037 1390 admiratione
3086 1335 3311 1411 supra
3362 1315 3675 1410 vocavit,
3728 1323 3803 1390 et

1450 1435 1676 1510 dixit:
1729 1436 1992 1532 Surge,
2044 1435 2392 1530 Corrade,
2444 1436 2635 1530 veni,
2687 1435 2896 1530 vide3
2948 1457 3093 1508 non
3134 1439 3217 1529 fu
3260 1443 3479 1528 punto
3529 1438 3799 1524 sciolla,

1451 1556 1655 1652 idest,
1711 1577 1856 1630 non
1910 1555 2044 1628 suit
2091 1556 2341 1650 aliquo
2393 1555 2615 1630 modo
2666 1562 2953 1630 remota
3004 1555 3445 1651 aspectando
3496 1576 3645 1647 me,
3699 1554 3797 1629 ita

1451 1684 1613 1752 erat
1661 1675 1884 1774 ligata
1949 1675 2041 1750 de
2105 1675 2250 1750 fixo
2312 1675 2575 1750 intuitu
2636 1676 2709 1750 in
2774 1697 2917 1770 me,
2972 1699 3109 1771 per
3168 1684 3334 1751 tulto
3394 1680 3618 1771 quello
3677 1697 3797 1750 as-

1449 1801 1659 1890 salto,
1711 1795 1916 1891 idest,
1981 1797 2337 1892 quamdiu
2412 1797 2707 1872 duravit
2772 1797 2891 1872 ille
2954 1797 3269 1872 insultus
3318 1797 3510 1872 inter
3563 1817 3793 1871 unum

1449 1924 1866 2013 serpentem
1931 1922 2008 1992 et
2069 1917 2255 1992 duos
2318 1917 2666 2013 angelos;
2728 1917 2827 1992 ita
2890 1916 3088 2012 quod
3157 1917 3311 2013 ipse
3370 1923 3589 2013 poeta
3648 1935 3793 1991 non

1449 2038 1648 2114 stetit
1700 2039 1860 2134 plus
1912 2043 2235 2112 attentus
2284 2037 2379 2112 ad
2428 2037 2884 2112 cernendum
2936 2044 3315 2112 certamen
3380 2038 3573 2112 inter
3637 2057 3795 2112 ser-

1448 2165 1744 2253 pentem
1797 2164 1872 2234 et
1919 2158 2245 2255 angeIOS,
2282 2177 2510 2252 quam
2544 2157 2829 2234 steterit
2862 2157 2981 2232 ille
3022 2156 3391 2232 Corradus
3432 2158 3527 2232 ad
3570 2156 3795 2253 respi-

1447 2276 1790 2353 ciendum
1843 2299 2042 2374 eum,
2079 2278 2256 2372 quia
2308 2298 2453 2352 non
2504 2284 2793 2374 poterat
2826 2277 3075 2353 satiari
3110 2278 3388 2354 visione
3439 2277 3624 2373 eiuS,
3658 2297 3795 2353 au·-

1446 2397 1596 2474 dito
1646 2398 1840 2492 quod
1895 2404 2056 2474 erat
2105 2398 2319 2474 vivus
2368 2405 2445 2474 et
2505 2399 2787 2474 vicinus
2813 2391 2889 2490 (¹)
2960 2421 3187 2474 suus:
3240 2400 3537 2496 optabat
3595 2399 3789 2473 enim

1447 2518 1638 2596 scire
1686 2539 1878 2593 nova
1909 2517 2002 2594 de
2035 2519 2259 2594 domo
2310 2538 2446 2594 sua
2476 2511 2579 2614 (²),
2614 2525 2689 2594 et
2722 2539 2933 2595 mens
2968 2520 3128 2595 eius
3168 2527 3330 2594 erat
3363 2520 3571 2614 quasi
3608 2539 3795 2614 prae-

1447 2659 1627 2736 saga
1676 2639 1875 2733 quod
1929 2639 2062 2714 iste
2123 2646 2315 2714 esset
2372 2639 2703 2716 facturus
2760 2639 3135 2738 singulare
3196 2640 3649 2737 praeconium
3700 2640 3793 2714 de

1447 2761 1672 2855 stirpe
1723 2780 2056 2852 suorum,
2109 2759 2299 2834 sicut
2348 2759 2591 2834 statim
2642 2759 2949 2835 dicetur.
2977 2765 3184 2836 —Se
3216 2764 3288 2834 la
3320 2764 3627 2836 lucerna.
3664 2759 3793 2834 Hic

1447 2887 1664 2978 poeta
1714 2879 1915 2975 ponit
1965 2879 2376 2955 orationem
2428 2878 2619 2953 illius
2680 2879 2977 2976 spiritus
3038 2881 3131 2956 ad
3190 2901 3292 2975 se,
3346 2881 3472 2974 qui
3524 2879 3617 2955 ad
3668 2899 3795 2954 ca-

1445 3002 1790 3100 ptandam
1819 3000 2405 3077 benevolentiam
2440 3000 2732 3075 adiurat
2764 3021 2939 3074 eum
2968 3021 3102 3097 per
3135 3000 3207 3076 id
3241 3002 3437 3096 quod
3467 3001 3795 3076 maxime

1445 3128 1624 3197 tunc
1673 3122 1993 3217 optabat,
2045 3127 2128 3196 ut
2178 3121 2371 3196 dicat
2420 3119 2555 3196 sibi
2606 3141 2799 3196 nova
2852 3119 2945 3196 de
2994 3122 3323 3216 partibus
3372 3124 3571 3218 suis3
3623 3123 3795 3198 dicit

1445 3263 1676 3339 ergo:
1729 3234 2066 3316 comincio
2116 3244 2279 3331 ella,
2330 3241 2627 3336 scilicet,
2690 3242 2956 3316 umbra
3008 3240 3357 3318 Corradi:
3416 3264 3493 3316 se
3553 3246 3627 3316 la
3684 3247 3793 3318 ἱιι-

1443 3365 1700 3457 cerna,
1739 3363 1945 3458 idest,
1997 3363 2295 3439 scientia
2316 3353 2389 3457 (³)
2447 3369 2597 3459 tua,
2654 3364 2769 3438 vel
2835 3363 2963 3439 lux
3030 3362 3330 3461 Virgilii,
3383 3363 3501 3439 vel
3550 3363 3793 3439 divina

1447 3486 1830 3561 illustratio
1879 3492 1955 3561 et
2003 3486 2263 3581 gratia,
2316 3488 2436 3559 che
2484 3488 2535 3559 a·
2586 3507 2791 3559 mena
2838 3488 2915 3559 in
2964 3488 3136 3579 also,
3182 3506 3443 3563 versus
3492 3487 3791 3583 coelum,

1446 3610 1632 3681 troci
1679 3613 1873 3681 tanta
1923 3626 2116 3695 cera,
2167 3606 2375 3701 idest,
2424 3605 2803 3697 virtutem,
2861 3604 3047 3681 idest
3074 3593 3149 3699 (ὅ)
3204 3606 3790 3703 conspectionem

1445 3733 1521 3803 et
1569 3726 2166 3823 speculationem,
2220 3725 2361 3820 vel,
2424 3732 2621 3799 canta
2684 3747 2877 3816 cera,
2948 3725 3149 3819 idest,
3212 3734 3493 3801 tantam
3557 3732 3795 3803 mate-

1447 3848 1659 3945 riam,
1711 3854 1787 3923 et
1837 3853 1990 3921 tam
2039 3848 2231 3922 bene
2274 3845 2717 3941 dispositam,
2770 3849 2887 3920 nel
2933 3854 3049 3923 luo
3098 3847 3422 3940 arbitrio,
3474 3847 3679 3941 idest,
3713 3846 3791 3921 in

1449 3976 1580 4045 tuo
1643 3968 1957 4065 ingenio,
2021 3973 2098 4043 et
2155 3966 2388 4042 libero
2448 3965 2777 4061 arbitrio,
2844 3970 3083 4059 quan?
3108 3963 3151 4042 e*
3204 3971 3531 4060 mesum-i,
3581 3967 3789 4061 idest,

1445 4090 1861 4167 necessario
1895 4088 2217 4187 exigitur
2266 4093 2343 4162 et
2392 4087 2799 4181 requiritur
2846 4087 2939 4161 ad
2990 4092 3279 4161 tantum
3322 4088 3462 4161 iter
3512 4098 3589 4165 et
3636 4094 3789 4163 tam

1439 4210 1748 4307 longum
1801 4230 2014 4306 opus,
2064 4208 2250 4285 idest
2296 4207 2391 4283 ad
2442 4207 2961 4305 perfectionem
3006 4206 3297 4283 finalem
3341 4208 3561 4282 huius
3610 4228 3791 4304 pur-

1444 4331 1745 4428 gatorii3
1799 4329 1996 4407 unde
2045 4329 2251 4405 dicit:
2286 4333 2363 4403 in
2388 4332 2495 4423 fin
2544 4332 2622 4405 al
2664 4350 2935 4405 summo
2976 4332 3255 4422 smalto,
3291 4328 3501 4424 idest,
3554 4348 3790 4424 usque

1437 4451 1538 4527 ad
1589 4473 1969 4527 summum
2021 4470 2383 4527 cacumen
2436 4450 2725 4543 montiS‚
2762 4470 2989 4543 quem
3031 4456 3250 4546 poeta
3301 4456 3515 4525 vocat
3562 4449 3787 4524 smal-

1441 4577 1606 4647 tum
1658 4591 1792 4668 per
1841 4570 2172 4667 pulcram
2228 4570 2756 4665 metaphoram,
2808 4569 2983 4663 quia
3036 4568 3134 4645 ibi
3184 4578 3295 4647 est
3344 4571 3605 4645 hortus
3654 4570 3790 4645 de-

1571 4838 1625 4899 (¹)
1655 4836 1720 4888 E.
1753 4837 1898 4888 vivus
1871 4850 2028 4889 scon
1993 4838 2233 4965 auriolum
2262 4850 2403 4889 suut⁸

1568 4912 2973 4976 (⁸)E.e,1⁷1etoomtaustaetmemeius.

1569 4989 1928 5118 mansium
1949 4993 2085 5041 ιι
2121 4996 2210 5042 ι

1574 5066 1836 5132 (JE.dei
1918 5069 2299 5132 conuspoelatio
2304 5072 2565 5119 necemt
2538 5068 2971 5131 mmpetionem
