4392 6850
1383 939 1416 1004 1
1433 939 1466 1004 1
1479 939 1520 1004 0
2097 949 2345 1004 COMEN
2348 951 2505 1006 TUM
2552 950 2939 1006 PURGATon
2948 952 3000 1003 11

1373 1116 1569 1188 nem,
1622 1095 1681 1170 si
1731 1097 1954 1169 homo
2005 1114 2151 1168 non
2208 1094 2519 1169 moritur
2572 1094 2907 1191 pertinax
2948 1102 3021 1170 et
3053 1093 3503 1190 desperatus
3539 1096 3724 1172 Dicit

1375 1237 1594 1312 ergo:
1627 1239 1765 1310 per
1799 1219 1914 1290 lor
1946 1218 2404 1306 maladizion,
2438 1222 2816 1311 exponunt
2848 1216 3095 1312 aliqui,
3140 1215 3411 1292 scilicet
3444 1216 3719 1292 ossium

1373 1358 1761 1431 meorum3
1818 1344 1897 1411 tu
1951 1355 2130 1411 vero
2180 1335 2298 1410 dic
2349 1343 2423 1411 et
2474 1337 2777 1412 melius:
2830 1337 3122 1432 scilicet,
3178 1344 3561 1432 pastorum
3596 1359 3723 1413 ec-

1372 1456 1634 1547 clesiae,
1684 1449 1744 1530 si
1793 1477 1938 1529 non
1996 1458 2060 1529 si
2107 1459 2351 1552 perde,
2406 1455 2609 1550 idest,
2664 1477 2811 1531 non
2864 1456 2963 1532 ita
3011 1456 3087 1530 in
3131 1463 3371 1532 totum
3422 1457 3723 1551 tollitur,

1374 1579 1494 1650 che
1541 1598 1688 1650 non
1726 1598 1948 1670 possa
1999 1583 2254 1650 torrear
2321 1578 2365 1650 l'
2392 1583 2631 1650 eterno
2698 1597 2967 1668 amore,
3028 1577 3231 1671 idest,
3294 1577 3531 1674 gratia
3590 1577 3725 1652 Dei

1375 1697 1468 1770 ad
1518 1695 1918 1791 hominem,
1971 1703 2234 1770 mentre
2294 1699 2414 1770 che
2463 1700 2537 1770 la
2584 1718 2943 1790 speranza
2994 1700 3087 1770 Ιια
3128 1700 3273 1790 fior
3322 1700 3440 1772 del
3482 1700 3721 1789 verde,

1377 1816 1585 1911 idest,
1633 1816 1906 1910 aliquid
1960 1816 2358 1911 viriditatiS,
2412 1817 2622 1910 quasi
2656 1817 2891 1892 dicat:
2927 1817 3161 1892 donec
3194 1819 3420 1892 homo
3459 1817 3533 1892 in
3576 1819 3723 1894 vita

1379 1957 1528 2011 non
1577 1937 1936 2032 desperat.
1988 1938 2076 2010 Et
2126 1937 2243 2011 hic
2294 1944 2467 2012 nota
2518 1936 2716 2031 quod
2748 1936 2971 2032 aliqui
3004 1936 3259 2011 dicunt
3290 1937 3489 2031 quod
3521 1939 3725 2012 Man-

1379 2057 1630 2132 fredus
1682 2056 1755 2130 in
1807 2063 2142 2133 extremo
2182 2056 2441 2132 redivit
2474 2056 2568 2132 ad
2608 2057 2882 2151 Deum3
2910 2056 3038 2132 sed
3071 2064 3271 2132 certe
3312 2056 3501 2132 istud
3536 2057 3726 2134 scire

1381 2198 1528 2252 non
1578 2177 1812 2273 potuit
1864 2183 2101 2272 poeta,
2139 2176 2311 2271 quia
2346 2176 2759 2252 Manfredus
2796 2176 3203 2274 incognitus
3240 2183 3579 2286 mortuus
3614 2183 3727 2252 est

1378 2297 1451 2371 in
1507 2297 1744 2372 medio
1793 2296 2062 2372 ardore
2113 2296 2331 2391 belli3
2382 2296 2457 2372 in
2520 2297 2668 2372 vita
2728 2303 2975 2372 tamen
3041 2297 3273 2372 voluit
3332 2285 3726 2392 aliquando

1377 2418 1828 2493 concordare
1878 2439 2052 2492 cum
2105 2418 2409 2493 ecclesia
2462 2423 2537 2494 et
2586 2418 2831 2494 facere
2877 2419 3307 2494 affinitatem
3360 2438 3533 2492 cum
3586 2419 3725 2494 Ca-

1381 2539 1560 2632 rolo,
1613 2537 1736 2614 sed
1791 2559 1976 2633 papa
2027 2537 2420 2633 prohibuit,
2472 2545 2554 2612 ut
2604 2531 2744 2636 ego
2797 2538 2939 2613 vidi
2974 2539 3046 2612 in
3088 2538 3527 2633 quibusdam
3570 2539 3727 2636 epi-

1379 2658 1575 2733 stolis
1602 2657 1781 2732 eius.
1819 2658 1994 2732 Dico
2027 2679 2207 2756 ergo
2243 2657 2441 2753 quod
2472 2659 2743 2733 Dantes
2780 2660 2918 2734 hoc
2951 2658 3176 2756 fingit,
3204 2659 3375 2753 quia
3410 2661 3550 2734 sub
3586 2661 3721 2736 ista

1380 2778 1671 2852 fictione
1722 2777 2025 2852 intendit
2058 2779 2248 2853 hanc
2281 2779 2848 2873 conclusionem,
2893 2779 3089 2874 quod
3140 2780 3387 2854 nullus
3427 2787 3537 2855 est
3570 2788 3720 2856 tam

1381 2898 1800 2993 sceleratuS,
1843 2905 1994 2974 tam
2045 2898 2751 2992 excommunicatus,
2793 2899 2920 2993 qui
2972 2898 3044 2971 in
3096 2905 3429 2974 extrema
3478 2907 3723 2976 morte

1382 3039 1528 3093 non
1579 3019 1800 3115 possit
1851 3019 2090 3096 redire
2139 3018 2235 3094 ad
2284 3019 2549 3113 Deum,
2599 3019 2939 3114 exemplo
2998 3019 3366 3114 Manfredi,
3420 3021 3547 3114 qui
3588 3020 3725 3094 fuit

1382 3138 1684 3214 infestus
1735 3139 2082 3233 ecclesiae,
2134 3139 2302 3214 licet
2352 3145 2559 3234 pater
2608 3139 2794 3234 pluS,
2846 3159 3071 3232 quem
3114 3146 3327 3234 poeta
3360 3140 3517 3235 jam
3570 3149 3721 3216 tam

1380 3266 1730 3354 posuerat
1777 3259 2209 3334 damnatum
2270 3259 2460 3334 inter
2524 3259 2925 3354 epicureos.
2989 3260 3077 3334 Et
3136 3260 3551 3336 Manfredus
3600 3282 3723 3336 re-

1251 3447 1258 3470 ,
1377 3377 1682 3474 spondet
1715 3378 1924 3455 alteri
1962 3378 2341 3475 quaestioni
2384 3378 2653 3455 tacitae:
2696 3386 2983 3475 poterat
3018 3379 3213 3458 enim
3247 3380 3496 3457 dicere
3526 3381 3725 3458 Dan-

1245 3535 1248 3549 ·
1377 3505 1527 3575 tes:
1578 3498 1752 3593 quid
1786 3508 1966 3595 ergo
2014 3499 2417 3595 preiudicat
2451 3501 2587 3574 ista
2622 3500 3347 3577 excommunicatio?
3382 3510 3456 3577 et
3488 3524 3725 3596 quare

1378 3620 2044 3695 excommunicatio
2067 3620 2269 3715 justa
2306 3621 2421 3695 vel
2458 3620 2724 3716 injusta
2759 3619 3079 3695 timenda
3115 3629 3225 3696 est
3250 3626 3284 3695 7
3316 3624 3728 3720 Respondet

1378 3738 1816 3833 MansreduS,
1859 3738 2054 3833 quod
2092 3740 2776 3815 excommunicatus
2818 3747 2928 3815 est
2965 3741 3253 3837 longius
3304 3754 3633 3820 remotus
3680 3766 3725 3820 a

1381 3860 1559 3953 Deo,
1611 3866 1686 3934 et
1737 3860 2012 3933 tardius
2063 3866 2298 3956 potest
2340 3861 2582 3937 redire
2612 3860 2706 3935 ad
2744 3853 2818 3955 (¹)
2860 3882 3057 3937 eum.
3096 3862 3300 3939 Unde
3337 3863 3545 3939 dicit:
3596 3872 3727 3943 Ver

1381 3976 1422 4053 e*
1466 3982 1586 4052 che
1650 3983 1872 4075 quale,
1926 3980 2134 4076 idest,
2185 3980 2662 4077 quicumque,
2725 4002 2969 4055 maore
3022 3985 3099 4055 in
3155 3988 3594 4059 contumacia
3650 3989 3729 4062 di

1379 4109 1590 4175 santa
1639 4104 1892 4194 chiesa,
1942 4102 2235 4197 scilicet,
2270 4102 2445 4196 quia
2480 4122 2889 4197 numquam
2928 4103 3441 4179 reconciliatur
3488 4106 3727 4182 eccle-

1385 4221 1510 4295 siae
1561 4221 1635 4295 in
1687 4221 1876 4315 vita3
1929 4242 2155 4294 ancor
2222 4224 2323 4295 ch'
2350 4225 2428 4294 al
2464 4226 2569 4315 fin
2618 4225 2680 4295 si
2714 4231 2957 4315 penta,
3012 4223 3215 4319 idest,
3268 4224 3341 4299 in
3390 4232 3723 4303 extrema

1383 4349 1625 4417 morte
1677 4340 2015 4436 quamvis
2067 4341 2320 4418 redeat
2368 4341 2457 4415 ad
2496 4342 2733 4415 Deum
2771 4364 2943 4417 cum
2978 4364 3129 4439 spe,
3164 4350 3317 4419 star
3366 4350 3418 4419 li
3464 4368 3727 4421 convert

1383 4463 1480 4535 da
1531 4468 1769 4553 questa
1816 4464 1985 4555 ripa
2016 4464 2088 4535 in
2117 4466 2350 4556 fuore,
2387 4460 2593 4557 idest,
2646 4470 2855 4537 extra
2892 4462 3113 4539 istum
3166 4470 3491 4539 montem
3544 4488 3725 4563 pur-

1379 4581 1665 4677 gatorii,
1709 4600 1846 4655 nec
1895 4588 2130 4676 potest
2179 4582 2459 4657 intrare
2506 4581 2772 4677 ipsum,
2828 4592 3079 4677 trenta,
3114 4585 3385 4661 scilicet
3432 4593 3721 4683 tempo-

1381 4700 1606 4795 ribus,
1647 4722 1783 4794 per
1833 4704 2003 4793 oqui
2049 4710 2273 4795 tempo
2340 4706 2443 4777 αι’
2470 4706 2606 4797 eyli
2653 4697 2695 4776 e*
2736 4711 2917 4779 stato
2964 4708 3040 4779 in
3088 4728 3220 4781 sua
3260 4712 3718 4803 premium,

1381 4820 1670 4917 scilicet,
1722 4823 2429 4899 excommunicatus.
2486 4823 2569 4897 Et
2620 4824 2738 4899 hic
2769 4819 2959 4899 'nota
3012 4826 3211 4921 quod
3258 4814 3481 4923 poeta‘
3525 4830 3727 4925 ponit

1505 5080 1561 5143 (¹)
1595 5082 1658 5134 E.
1690 5062 1756 5133 ad
1789 5082 1973 5135 Deum.
2006 5086 2169 5137 Unde.
