4392 6850
1527 965 1672 1034 396
2246 975 2657 1032 celemon
2704 974 3147 1032 ruam-rom

1525 1125 1757 1220 Ulyxe
1813 1123 2132 1218 capitulo
2189 1121 2445 1196 xxvu
2502 1121 2793 1196 Inferni.
2862 1119 3065 1196 Sicut
3118 1119 3317 1196 enim
3384 1120 3859 1196 Romandioh

1525 1245 1746 1318 habet
1793 1242 2042 1337 aliqua
2091 1241 2385 1339 ingenia
2412 1240 2769 1338 angelica,
2804 1238 2905 1314 iia
2938 1239 3159 1314 habet
3196 1239 3443 1334 aliqua
3480 1239 3857 1316 diaboiim.

1525 1363 1694 1440 ideo
1743 1364 1952 1440 dicit:
2005 1383 2124 1436 ma
2173 1383 2319 1436 non
2363 1353 2455 1452 si,
2488 1361 2691 1454 idest,
2734 1381 2881 1436 non
2914 1366 3162 1436 tamen
3209 1359 3313 1436 ita
3360 1361 3551 1436 bene
3598 1361 3861 1438 radent

1525 1484 1798 1582 Pagani
1845 1505 1978 1580 per
2027 1489 2347 1558 mortem
2384 1480 2853 1578 Maghinardi,
2888 1483 3009 1554 01oe
3040 1484 3187 1554 mai
3212 1501 3407 1574 pirro
3450 1485 3861 1572 alimonio,

1527 1605 1708 1682 idest
1747 1606 1940 1680 bona
1973 1604 2194 1696 fama,
2220 1606 2557 1694 rimwna
2586 1605 2665 1676 di
2692 1605 2817 1693 lui,
2838 1601 3111 1678 scilicet
3136 1601 3633 1698 Maghinardo,
3656 1605 3735 1676 di
3764 1593 3860 1694 td,

1523 1725 1852 1802 scilicet
1835 1746 1906 1798 m
1947 1724 2231 1799 mundo
2265 1722 2689 1798 viventium.
2726 1723 2879 1796 Hoc
2910 1722 3077 1798 ideo
3108 1723 3307 1816 dicit,
3340 1724 3515 1817 quia
3564 1723 3861 1798 infimia

1525 1853 1686 1924 erat
1744 1845 1966 1942 vulgo
2031 1845 2126 1920 de
2189 1843 2681 1940 Maghinardo,
2738 1843 2935 1937 quod
3006 1843 3158 1938 ipse
3222 1845 3519 1920 tenebat
3578 1851 3859 1948 partem

1523 1966 1920 2062 guelpham
1981 1965 2054 2038 in
2111 1963 2397 2054 Tuscia,
2446 1968 2523 2037 et
2574 1962 3045 2059 ghibellinam
3096 1961 3173 2036 in
3222 1964 3723 2040 Romandioia.
3776 1965 3857 2040 Et

1527 2085 1738 2160 istam
1793 2083 2164 2158 infamiam
2218 2089 2427 2178 poeta
2482 2082 2650 2158 facit
2680 2074 2755 2174 (¹)
2808 2081 3245 2178 durabilem,
3284 2083 3519 2160 donec
3566 2084 3855 2160 durabit

1525 2205 1661 2280 iste
1693 2203 1902 2296 iiber,
1927 2203 2101 2298 quia
2133 2202 2311 2277 dixit
2346 2203 2417 2277 in
2452 2201 2741 2278 Inferno
2772 2201 2867 2277 de
2899 2222 3031 2278 eo:
3058 2204 3179 2276 01oe
3210 2211 3401 2276 muta
3424 2212 3637 2296 parte
3666 2207 3861 2280 dalla

1521 2331 1696 2399 state
1733 2327 1812 2397 al
1843 2345 2058 2396 verno
2068 2349 2098 2415 ,·
2125 2323 2253 2398 sed
2290 2324 2445 2397 haec
2482 2321 2777 2398 infamia
2810 2343 2989 2398 vere
3028 2323 3163 2398 fuit
3196 2324 3397 2415 falsa,
3430 2325 3621 2400 sicut
3654 2326 3861 2420 plene

1524 2435 2033 2536 declaratur(²)
2075 2443 2148 2517 in
2182 2444 2307 2517 illo
2344 2443 2663 2537 capitulo
2700 2443 2989 2518 Inferni.
3032 2444 3217 2518 Nam
3256 2444 3317 2518 si
3352 2445 3860 2542 Maghinardus

1522 2563 1658 2638 fuit
1680 2570 1934 2638 contra
1959 2562 2389 2659 ghibellinos
2413 2562 2803 2657 aliquando
2828 2563 2903 2636 in
2930 2563 3259 2638 favorem
3280 2565 3854 2660 florentinorum,

1525 2705 1618 2760 ex
1681 2685 1819 2758 hoc
1883 2683 2122 2780 potius
2181 2689 2513 2787 meretur
2572 2683 2893 2776 laudem,
2940 2703 3167 2778 quam
3236 2683 3639 2776 infamiam,
3690 2687 3857 2779 quia

1521 2805 1836 2882 debebat
1885 2804 2020 2880 illis
2069 2811 2307 2880 totum
2358 2825 2520 2880 oese
2568 2810 2642 2880 et
2692 2823 2906 2899 posse
2950 2825 3197 2878 suum.
3249 2806 3356 2880 De
3392 2807 3855 2903 Maghinardo

1522 2945 1670 3002 non
1723 2925 2071 3000 remansit
2121 2926 2361 3020 proles
2426 2927 2776 3017 mascula,
2820 2924 2969 3000 -sed
3034 2925 3373 3020 quaedam
3454 2927 3641 3020 filiae,
3694 2949 3856 3022 quae

1523 3045 1984 3120 intraverunt
2033 3045 2106 3118 in
2157 3045 2504 3120 familiam
2570 3045 3114 3120 Ubaldinorum.
3142 3085 3243 3100 --
3280 3049 3341 3120 0
3396 3050 3667 3140 qulin.
3732 3047 3855 3124 Hic

1521 3164 1758 3240 Guido
1808 3164 2194 3260 praedictus
2246 3165 2573 3240 nominat
2624 3165 2967 3239 ultimum
3008 3164 3341 3259 spiritum
3391 3167 3485 3242 de
3536 3167 3857 3244 Roman-

1519 3285 1734 3378 diola,
1769 3291 1844 3360 et
1892 3284 2094 3360 illum
2147 3284 2589 3380 consolatur,
2626 3284 2801 3380 quia
2837 3305 2987 3360 non
3038 3286 3331 3381 reliquit
3380 3287 3561 3362 filios
3610 3309 3707 3364 ex
3758 3309 3857 3384 se,

1521 3405 1646 3501 qui
1708 3412 1998 3501 possent
2053 3405 2569 3503 degenerando
2628 3405 2991 3482 offuscare
3058 3405 3332 3482 famam
3394 3407 3601 3503 eius3
3666 3410 3860 3487 unde

1519 3528 1986 3623 apostrophat
2033 3547 2453 3603 sermonem
2504 3546 2725 3601 suum
2778 3527 2873 3602 ad
2920 3548 3124 3621 eum,
3176 3529 3459 3604 dicens:
3512 3535 3573 3605 Ο
3614 3534 3859 3621 qulin

1519 3650 1625 3723 de’
1651 3650 1945 3721 Fanloli.
1997 3647 2138 3723 Iste
2187 3647 2323 3721 suit
2370 3647 2465 3722 de
2520 3646 2887 3740 Faventia,
2924 3648 3036 3722 vir
3086 3648 3475 3745 singularis
3522 3648 3861 3725 bonitatis

1521 3774 1596 3843 et
1633 3767 2063 3863 prudentiae,
2113 3770 2168 3841 il
2213 3789 2417 3841 nome
2466 3775 2609 3859 1110,
2644 3768 2843 3863 quod
2887 3770 3235 3845 remansit
3281 3770 3375 3845 de
3426 3776 3499 3845 te
3546 3772 3857 3864 clarum,

1519 3884 1562 3963 e*
1587 3891 1845 3983 sicum,
1885 3888 2153 3964 scilicet
2202 3889 2299 3964 ab
2348 3888 2667 3983 infamia,
2702 3892 2801 3962 da
2832 3892 2952 3963 cloe
2972 3886 3099 3983 ριῖι
3132 3912 3275 3963 mm
3312 3894 3369 3963 ε)
3394 3898 3690 3983 capena,
3724 3892 3857 3967 ali-

1521 4008 1686 4103 quis
1737 4010 1973 4083 haeres
2022 4009 2139 4085 vel
2191 4029 2593 4103 successor,
2643 4011 2751 4083 clei
2810 4013 2937 4103 sar
3000 4013 3069 4085 lo
3120 4031 3343 4102 possa
3400 4014 3857 4103 &aliqnando

1519 4148 1799 4220 oscum,
1851 4128 2054 4224 idest,
2103 4128 2619 4225 degenerando
2669 4149 2714 4203 a
2766 4148 2945 4204 vera
3006 4128 3301 4223 virtute,
3350 4129 3539 4205 sicut
3598 4131 3857 4207 accidit

1516 4248 1594 4323 in
1645 4250 2006 4324 nobilibus
2053 4249 2213 4323 aliis
2263 4248 2357 4323 de
2394 4248 2761 4323 Faventia.
2804 4248 3005 4325 Unde
3038 4250 3202 4325 vide
3236 4250 3430 4345 quod
3472 4258 3687 4345 poeta
3724 4272 3857 4329 no-

1517 4375 1670 4445 ster
1704 4374 2049 4465 posuerat
2081 4368 2267 4443 duos
2303 4368 2579 4443 nobiles
2611 4368 2704 4442 de
2736 4368 3083 4445 Faventia
3113 4369 3185 4443 in
3220 4370 3490 4466 glacie:
3528 4370 3645 4445 hic
3682 4392 3854 4449 vere

1514 4486 1610 4565 ad
1666 4488 2162 4563 redimendam
2214 4486 2589 4563 infamiam
2644 4488 2973 4563 nominat
3019 4488 3207 4563 duos
3249 4490 3567 4585 plebeios
3616 4492 3854 4567 famo-

1513 4628 1656 4685 sos,
1709 4608 1796 4681 Et
1847 4608 1962 4683 hic
2013 4615 2209 4703 nota,
2252 4608 2449 4703 quod
2500 4614 2715 4702 poeta
2766 4608 3023 4685 nobilis
3074 4610 3349 4683 nullam
3401 4610 3851 4705 provinciam

1515 4726 1608 4805 de
1669 4728 1945 4804 mundo
2001 4733 2289 4803 tantum
2356 4727 2739 4803 honoravit
2802 4735 3163 4822 quantum
3222 4729 3483 4825 isiam5
3536 4752 3711 4807 nam
3777 4732 3851 4809 in

1519 4847 1650 4923 isto
1707 4848 1968 4923 eodem
2033 4847 2367 4943 capitulo·
2408 4847 2825 4923 describens
2886 4848 3337 4943 provinciam
3404 4855 3479 4925 et
3538 4851 3845 4945 patriam

1637 5100 1696 5164 (¹)
1729 5102 1837 5160 11⁷,
1870 5099 2008 5151 fecit.
2612 5096 2667 5163 (²)
2703 5104 2810 5161 11⁷,
2842 5099 3119 5153 declaravi.
