4392 6850
1437 941 1530 1007 50
2169 947 2577 1004 coMEN‘rUM
2625 949 3065 1004 PUnGATonu

1433 1323 1762 1392 CANTUS
1823 1322 2293 1406 SECUNDUS,
2362 1323 2435 1390 in
2488 1345 2611 1408 quo
2668 1329 2903 1392 tractat
2960 1326 3122 1391 sieut
3180 1323 3441 1408 quidam
3498 1321 3787 1408 Anqezus

1586 1436 1770 1502 duxit
1803 1436 1876 1500 in
1902 1456 2064 1502 nave
2093 1436 2341 1518 aliquos
2368 1435 2655 1518 spiritu-3,
2688 1442 2749 1502 et
2778 1437 2995 1502 missis
3024 1441 3083 1502 et
3112 1435 3415 1518 depositis
3442 1435 3517 1500 v'n
3548 1440 3789 1500 terram

1586 1549 1828 1614 locutus
1871 1553 1964 1614 est
2019 1545 2331 1632 Virydius
2388 1568 2525 1614 cum
2584 1549 2717 1630 eis-5
2776 1553 2837 1614 et
2894 1568 3032 1614 cum
3076 1547 3569 1630 perpendissent
3624 1546 3791 1630 quod

1589 1658 1842 1726 Dante-s·
1899 1658 2160 1736 vivebat,
2223 1678 2435 1724 omnes
2464 1667 2629 1726 'eum
2673 1663 3159 1742 perspexerunt,
3207 1663 3268 1724 et
3322 1678 3492 1724 unus
3532 1663 3787 1724 vocatus

1595 1767 1848 1836 Gasella
1889 1769 2192 1852 precibus
2247 1768 2491 1836 Dantis
2546 1770 2847 1836 cantabat
2858 1794 2879 1852 ,-
2924 1776 2985 1837 et
3030 1767 3185 1836 Cato
3241 1769 3447 1835 subito
3490 1789 3785 1851 superve-

1592 1884 1691 1948 nit
1702 1907 1724 1964 ,·
1770 1903 1908 1949 cum
1952 1881 2224 1948 clamore
2267 1903 2478 1948 omnes
2523 1881 2817 1964 expulsit.

1593 2195 1822 2363 GM
1883 2309 2012 2360 era
2061 2290 2117 2362 il
2159 2290 2308 2362 sole
2356 2291 2475 2362 all'
2502 2292 2865 2364 orizzome
2920 2291 3182 2388 giumo.
3252 2290 3651 2382 Postquam
3709 2287 3785 2362 in

1438 2409 1800 2502 superiori
1850 2409 2169 2504 capitulo
2220 2408 2649 2502 prohemiali
2682 2401 2755 2501 (¹)
2793 2415 3009 2505 poeta
3060 2410 3332 2486 Dantes
3383 2407 3782 2503 proposuit,

1439 2528 1824 2622 invocavit,
1875 2534 1952 2604 et
2001 2528 2332 2604 narravit
2378 2527 2695 2622 qualiter
2737 2529 3121 2607 intraverit
3148 2521 3223 2621 (²)
3272 2528 3783 2625 purgatorium

1441 2668 1574 2743 per
1625 2649 2003 2742 Catonem,
2057 2655 2132 2722 et
2181 2648 2374 2722 lotus
2441 2655 2515 2724 et
2578 2649 2859 2723 cinctus
2921 2649 3143 2725 fuerit
3192 2669 3325 2743 per
3376 2648 3785 2745 Virgilium,

1441 2789 1638 2842 nunc
1689 2775 2229 2863 consequenter
2279 2769 2351 2842 in
2402 2769 2541 2844 isto
2574 2769 2898 2844 secundo
2932 2769 3253 2863 capitulo
3286 2767 3529 2863 incipit
3562 2789 3783 2842 suum

1440 2895 1836 2963 tractatum
1887 2888 1980 2964 de
2031 2889 2140 2962 his
2181 2889 2311 2983 qui
2352 2889 2841 2985 neglexerunt
2873 2889 3375 2984 poenitentiam
3413 2909 3653 2984 usque
3690 2888 3784 2964 ad

1439 3019 1786 3104 mortem,
1837 3010 1968 3105 qui
2031 3017 2223 3084 sunt
2268 3009 2573 3106 relegati
2642 3010 2741 3084 ibi
2792 3010 2867 3084 in
2933 3009 3536 3106 antipurgatorio,
3598 3029 3785 3104 quo-

1439 3153 1611 3205 rum
1664 3133 1912 3226 plures
1951 3138 2124 3206 sunt
2155 3131 2453 3226 species
2490 3131 2580 3204 Et
2614 3129 2852 3224 primo
2886 3129 2960 3203 in
2996 3131 3132 3205 isto
3167 3129 3484 3225 capitulo
3522 3134 3788 3204 tractat

1439 3250 1532 3326 de
1582 3251 1820 3345 prima
1869 3253 2110 3347 specie
2159 3272 2425 3326 eorum
2478 3251 2604 3345 qui
2662 3250 3143 3325 tardaverunt
3202 3270 3415 3324 suam
3474 3270 3787 3326 conver-

1438 3371 1718 3445 sionem
1770 3392 2012 3467 usque
2061 3371 2134 3445 in
2183 3371 2407 3445 finem
2460 3369 2809 3445 abstracti
2858 3369 3103 3465 aliqua
3151 3391 3419 3467 magna
3468 3369 3787 3445 delecta-

1438 3491 1638 3566 tione
1689 3499 1840 3566 tam
1893 3492 2216 3567 naturali
2268 3512 2496 3586 quam
2546 3489 2928 3585 artificiali,
2979 3491 3215 3585 qualis
3278 3497 3389 3565 est
3450 3490 3571 3565 illa
3621 3510 3787 3584 quae

1438 3612 1762 3686 consistit
1813 3613 1884 3686 in
1939 3612 2243 3703 musica,
2288 3618 2465 3707 puta
2507 3618 2729 3685 cantu
2782 3611 2899 3687 vel
2949 3631 3151 3686 sono.
3188 3612 3277 3685 Et
3312 3631 3631 3707 praesens
3664 3632 3786 3686 ca-

1438 3731 1756 3826 pitulum
1807 3739 2046 3827 potest
2095 3732 2419 3807 breviter
2471 3730 2688 3806 dividi
2741 3730 2813 3803 in
2874 3737 3199 3823 quatuor
3259 3738 3505 3827 partes
3564 3751 3788 3828 gene-

1439 3853 1651 3927 raleS.
1703 3854 1786 3927 In
1834 3853 2072 3947 prima
2123 3873 2445 3947 quarum
2480 3856 2697 3947 poeta
2732 3850 3075 3928 describit
3109 3858 3401 3947 tempus
3434 3860 3509 3927 et
3542 3852 3783 3927 locum

1437 3971 1657 4047 simul
1709 3972 1824 4047 sui
1873 3977 2229 4048 tractatus
2280 3970 2641 4045 subtiliter
2690 3978 2765 4045 et
2816 3972 3093 4066 pulcre.
3144 3972 3227 4045 In
3288 3973 3609 4047 secunda
3658 3973 3786 4047 de-

1439 4092 1688 4167 scribit
1755 4114 1988 4166 unum
2049 4092 2441 4188 Angelum,
2492 4090 2703 4165 cuius
2753 4090 3081 4165 officium
3132 4099 3242 4167 est
3292 4099 3787 4189 transportare

1439 4214 1724 4289 animas
1765 4212 2290 4287 salvandorum
2325 4212 2417 4286 ad
2457 4212 2971 4307 purgatorium
3009 4212 3086 4287 in
3126 4213 3320 4308 navi,
3364 4214 3461 4288 ibi
3502 4214 3785 4290 statim:

1443 4337 1583 4408 Noi
1630 4355 1943 4407 eravam.
1997 4335 2078 4407 ln
2129 4333 2344 4408 tertia
2396 4332 2737 4407 describit
2774 4353 2997 4407 unam
3035 4333 3330 4409 turbam
3368 4336 3785 4411 animarum

1441 4458 1900 4548 portatarum
1943 4453 2038 4527 ab
2076 4453 2380 4548 Angelo,
2417 4458 2491 4527 et
2524 4473 2787 4527 earum
2830 4452 3341 4549 conditionem,
3382 4454 3573 4531 inter
3606 4476 3787 4550 quas

1335 4604 1340 4609 ·
1441 4571 1784 4650 describit
1833 4574 1908 4648 in
1958 4573 2249 4668 speciali
2298 4594 2523 4647 unam
2557 4573 2883 4647 animam
2925 4574 3380 4670 modernam,
3416 4598 3643 4670 quam
3683 4577 3792 4651 fa-

1443 4692 1827 4779 miliariter
1877 4700 2189 4770 noverat
2240 4694 2315 4768 in
2364 4695 2537 4789 vita,
2590 4693 2735 4767 ibi:
2798 4698 2901 4767 La
2964 4696 3189 4769 turba.
3254 4698 3336 4771 In
3402 4704 3669 4791 quarta
3718 4704 3793 4773 et

1449 4812 1703 4887 ultima
1757 4813 2012 4888 invitat
2061 4814 2385 4889 animam
2428 4813 2646 4889 amici
2679 4814 2771 4888 ad
2807 4816 3244 4910 canendum,
3280 4817 3494 4891 cuius
3533 4824 3791 4892 cantus

1569 5080 1626 5143 (¹)
1658 5082 1720 5132 B.
1753 5082 2160 5145 prohemialiter.
2789 5082 2843 5147 (⁸)
2875 5087 2984 5144 11⁷,
3018 5084 3319 5136 intraverat.
