4392 6850
1415 991 1696 1047 caurus
1745 991 2100 1059 QUARTUS.
2794 979 2928 1050 137

583 1134 880 1210 dentem
932 1134 1264 1229 pulcram
1317 1135 1888 1231 speculationem
1943 1157 2156 1214 suam
2210 1135 2499 1232 iniuste,
2554 1137 2727 1233 quia
2782 1137 2935 1232 ipse

573 1255 776 1349 juste
825 1254 1153 1330 irriserat
1201 1255 1568 1352 pigritiem
1622 1261 1914 1351 turpem
1966 1258 2180 1332 illius.
2238 1257 2439 1332 Unde
2499 1263 2671 1334 uota
2733 1257 2933 1352 quod

583 1376 990 1452 secundum
1019 1376 1501 1452 Ptolomaeum
1529 1377 1602 1452 in
1628 1378 1980 1474 principio
2005 1380 2120 1454 sui
2139 1379 2671 1474 quadripartiti,
2691 1385 2932 1454 astro-

581 1496 775 1594 logia
824 1497 1046 1572 habet
1077 1498 1262 1574 duas
1301 1505 1568 1594 partes,
1605 1521 1928 1593 quarum
1977 1521 2124 1576 uua
2173 1506 2285 1576 est
2334 1500 2428 1574 de
2467 1500 2783 1596 judiciiS‚
2818 1501 2931 1576 al-

583 1623 743 1692 tera
793 1617 886 1692 de
935 1617 1302 1693 motibus:
1355 1618 1592 1715 prima
1643 1619 1702 1694 si
1753 1620 1845 1694 sit
1908 1640 2084 1695 vera
2147 1621 2266 1695 vel
2327 1621 2615 1716 scibilis,
2679 1627 2948 1696 tamen·

586 1738 909 1812 noudum
964 1740 1253 1815 videtur
1301 1741 1520 1835 scita3
1570 1742 1735 1816 ideo
1785 1742 1911 1836 qui
1965 1742 2251 1817 laborat
2297 1743 2493 1818 circa
2537 1763 2729 1837 eam,
2769 1763 2931 1818 me-

585 1859 726 1933 rito
777 1860 1066 1936 videtur
1115 1860 1528 1936 irridendus
1577 1881 1724 1937 uon
1773 1863 2016 1936 solum
2069 1863 2164 1936 ab
2214 1863 2747 1958 ignorantibus,
2796 1862 2925 1938 sed

585 1979 809 2055 etiam
859 2001 905 2054 a
955 1981 1128 2056 viris
1176 1982 1641 2077 sapientibus.
1684 1983 1888 2058 Hanc
1935 1989 2221 2077 partem
2262 1982 2679 2077 astrologiae
2712 1987 2929 2078 poeta

585 2107 836 2174 noster
884 2101 1257 2176 damnavit
1303 2109 1380 2176 et
1435 2101 1837 2197 increpavit
1897 2102 2197 2199 egregie
2238 2103 2373 2176 XX
2438 2102 2757 2197 capitulo
2810 2103 2927 2176 In·-

581 2219 790 2314 serni,
843 2221 1014 2317 quia
1067 2221 1342 2296 inducit
1407 2223 1740 2299 homines
1805 2222 1899 2298 ad
1925 2219 2000 2315 (')
2067 2243 2363 2298 errores
2426 2223 2721 2298 multos.
2772 2221 2925 2298 Alia

581 2359 750 2434 pars
798 2342 1214 2438 astrologiae
1263 2349 1374 2417 est
1423 2343 1516 2418 de
1569 2344 1914 2438 motibuS,
1947 2351 2020 2418 et
2055 2342 2190 2417 ista
2226 2349 2339 2418 est
2387 2341 2596 2417 valde
2646 2342 2929 2436 nobilis,

579 2461 776 2536 utilis
827 2468 902 2536 et
952 2462 1384 2538 necessaria.
1427 2463 1634 2540 Unde
1682 2465 1880 2539 enim
1931 2463 2251 2540 Ecclesia
2304 2464 2523 2538 habet
2571 2462 2929 2539 Calenda-

584 2582 778 2656 rium
832 2590 910 2657 et
956 2603 1276 2658 aureum
1313 2605 1736 2679 numerum,
1779 2592 1854 2660 et
1884 2585 2028 2659 alia
2067 2587 2301 2660 multa
2356 2585 2489 2659 nisi
2540 2585 2637 2659 ab
2686 2591 2925 2660 astro*

586 2702 824 2798 logis?
873 2703 1044 2777 Ideo
1065 2694 1140 2796 (²)
1179 2704 1270 2778 ad
1323 2704 1813 2800 propositum:
1866 2705 2002 2780 iste
2049 2705 2257 2802 piger
2307 2705 2579 2780 inutilis
2628 2704 2924 2800 indigne

581 2820 929 2896 irridebat
979 2822 1287 2897 Dantem
1343 2831 1724 2900 vacantem
1790 2845 1986 2900 nunc
2045 2826 2518 2921 speculationi
2582 2832 2923 2901 motuum

581 2942 1022 3038 coelestium‚
1053 2945 1240 3020 sicut
1291 2967 1336 3020 e
1383 2952 1639 3022 contra
1687 2947 2029 3043 Virgilius
2079 2947 2297 3043 digne
2331 2947 2693 3042 increpuit
2743 2967 2921 3022 eum

581 3063 1080 3160 deplorantem
1137 3066 1626 3142 infelicitatem
1678 3066 2220 3164 astrologorum
2274 3066 2791 3161 divinatorum‚
2840 3073 2925 3140 ut

580 3191 778 3279 patet
829 3187 1174 3281 praedicto
1221 3187 1542 3282 capitulo
1593 3188 1748 3262 XX.
1801 3187 1918 3262 Sic
1969 3207 2149 3284 ergo
2210 3193 2409 3280 patet
2458 3185 2656 3280 quod
2706 3193 2925 3281 poeta

583 3311 834 3380 noster
883 3307 1023 3381 sub
1072 3308 1206 3383 ista
1258 3309 1548 3384 fictione
1597 3308 1722 3382 dat
1772 3306 1978 3383 nobis
2019 3306 2425 3403 intelligere
2478 3327 2763 3380 morem
2815 3307 2925 3401 pi-

575 3427 692 3523 gri
744 3428 871 3522 qui
923 3428 1271 3503 truffatur
1319 3430 1412 3505 de
1463 3430 1636 3505 viris
1687 3429 2154 3524 sapientibuS‚
2208 3429 2332 3523 qui
2401 3429 2703 3525 fatigant
2762 3429 2925 3503 ani·-

581 3568 787 3621 mum
841 3548 1033 3624 circa
1087 3551 1576 3647 coguitionem
1615 3570 1870 3624 rerum
1905 3548 2369 3625 occultarum
2404 3556 2479 3624 et
2517 3549 2923 3643 subtilium,

577 3688 750 3741 cum
803 3668 934 3763 ipsi
989 3677 1368 3745 marceant
1415 3670 1589 3764 oti0‚
1639 3676 1716 3744 et
1763 3670 2038 3744 audent
2088 3669 2369 3743 dicere:
2426 3669 2605 3742 nulli
2665 3690 2923 3763 nocem

579 3787 752 3862 nihil
805 3788 978 3863 mali
1031 3789 1254 3883 saci03
1305 3790 1432 3865 sed
1468 3788 1906 3884 impossibile
1939 3795 2050 3865 est
2083 3790 2273 3865 bene
2314 3808 2541 3885 agere
2574 3796 2919 3885 agentem

577 3908 773 4004 nihil,
845 3916 928 3983 ut
991 3917 1296 3985 testatur
1364 3910 1829 4005 philosophus
1895 3910 2082 3986 libro
2131 3910 2627 3984 Politicorum.
2689 3910 2920 3985 vadat

577 4050 760 4126 ergo
810 4029 1114 4124 Bilaqua
1164 4038 1240 4106 et
1288 4037 1616 4106 marceat
1666 4051 1840 4104 cum
1889 4050 2086 4124 aqua
2143 4052 2301 4105 sua.
2368 4030 2453 4103 Et
2505 4039 2609 4123 tu,
2662 4030 2919 4124 lector,

578 4172 724 4227 non
778 4153 1067 4227 mireris
1101 4152 1157 4227 si
1199 4160 1416 4249 poeta
1449 4152 1731 4226 induxit
1766 4152 1988 4225 istum
2029 4158 2173 4225 tam
2212 4152 2615 4227 obscurum
2651 4150 2723 4223 in
2762 4156 2913 4225 tam

578 4273 800 4349 nobili
853 4275 1186 4367 materia,
1249 4280 1324 4349 et
1381 4272 1804 4369 exemplum
1868 4278 2103 4367 poetoe
2153 4272 2448 4345 studeas
2498 4270 2919 4345 imitari.—

579 4396 660 4467 Li
705 4397 850 4468 aui.
905 4394 1038 4469 Hic
1085 4401 1300 4489 poeta
1349 4394 1662 4468 ostendit
1711 4390 2085 4486 quomodo
2143 4411 2238 4465 ex
2286 4390 2571 4466 actibus
2620 4396 2694 4465 et
2744 4411 2916 4465 ver-

580 4513 690 4588 bis
741 4514 950 4589 istius
1000 4516 1152 4611 ipse
1202 4514 1560 4610 receperit
1609 4514 1840 4587 risum
1901 4520 1978 4588 et
2037 4510 2607 4588 consolationem
2672 4512 2941 4607 simul,.

576 4632 867 4709 dicens:
921 4640 1003 4709 Li
1043 4639 1169 4709 acti
1197 4639 1351 4709 suoi
1371 4639 1596 4729 piari,
1649 4633 1904 4729 quales
1951 4633 2251 4707 suerunt
2279 4622 2353 4723 (³)
2388 4631 2751 4725 audivisti,
2784 4655 2823 4705 e
2856 4636 2921 4707 le

579 4764 770 4827 corte
811 4759 1090 4848 parole,
1142 4756 1314 4851 quia
1363 4756 1651 4833 dixerat
1701 4762 1984 4829 tantum
2037 4753 2186 4827 duo
2240 4753 2489 4846 verba,
2530 4774 2701 4847 quae
2753 4755 2919 4830 fue*

585 4882 750 4950 rant
797 4877 947 4951 duo
995 4882 1402 4953 scommata
1451 4898 1610 4969 sua,
1647 4896 1913 4950 mosser
1947 4878 2012 4949 lc
2044 4875 2253 4949 labra
2302 4876 2445 4945 mia
2493 4894 2589 4946 un
2630 4896 2817 4966 poco
2866 4897 2917 4949 a

696 5062 749 5124 (¹)
780 5060 831 5112 S.
864 5076 894 5113 e
929 5062 988 5113 E.
1024 5064 1074 5113 in
1107 5077 1331 5115 errores.
1581 5060 1640 5127 (¹)
1673 5062 1733 5112 Β.
1765 5062 1926 5113 Modo
1959 5063 2020 5112 ad
2054 5061 2403 5126 propositumt
2438 5060 2556 5110 idco
2586 5058 2683 5110 iste
2716 5063 2877 5127 piger.

697 5136 751 5200 (⁸)
780 5137 834 5189 S.
865 5152 896 5189 e
928 5139 990 5189 E.
1023 5140 1234 5191 suerint.
