4392 6850
1474 949 1616 1016 306
2053 1018 2060 1023 ,
2186 956 2601 1013 comma-tm
2650 956 3089 1013 vunonem!

1471 1107 1684 1181 cuius
1734 1105 2036 1203 vestigia
2090 1104 2433 1179 imitabar
2484 1103 2868 1197 poetando,
2920 1123 3065 1175 non
3111 1107 3241 1198 sicr
3288 1108 3387 1178 da
3434 1108 3547 1179 cui
3596 1108 3817 1179 vertis-

1471 1248 1590 1300 εει·
1638 1229 1996 1319 manifeste
2022 1252 2052 1318 ,·
2104 1223 2277 1319 quia
2330 1223 2499 1297 licet
2547 1244 2692 1297 vox
2745 1223 3152 1319 audiretur,
3210 1230 3457 1299 tamen
3509 1246 3655 1299 uon
3710 1224 3819 1298 vi-

1471 1347 1782 1421 debatur
1834 1364 2146 1440 persona
2202 1363 2370 1437 quae
2438 1349 2601 1417 erat
2662 1343 2893 1416 latens
2954 1344 3093 1416 sub
3154 1364 3355 1437 saxo,
3408 1346 3608 1439 quod
3674 1366 3815 1419 non

1337 1510 1345 1521 ·
1475 1468 1711 1541 solum
1752 1472 1913 1540 erat
1961 1484 2319 1560 magnum
2358 1470 2433 1537 et
2465 1484 2717 1559 grave,
2754 1462 2881 1537 sed
2917 1463 3137 1537 etiam
3176 1464 3452 1560 latum3
3487 1465 3587 1539 ita
3624 1465 3817 1559 quod

1474 1587 1598 1660 ubi
1652 1586 1891 1681 primo
1941 1585 2303 1680 superbus
2354 1584 2760 1658 conabatur
2810 1591 3181 1659 ostentare
3211 1577 3285 1677 (¹)
3324 1604 3426 1679 se,
3474 1606 3669 1659 nunc
3708 1586 3817 1659 ni-

1477 1708 1656 1781 titur
1707 1728 1800 1781 ex
1852 1706 2263 1780 bumilitate
2312 1724 2393 1777 se
2442 1704 2841 1797 occultare,
2892 1709 2967 1777 et
3030 1704 3196 1778 licet
3245 1725 3391 1779 uon
3442 1705 3815 1779 videretur

1473 1849 1517 1901 a
1571 1847 1721 1921 quo
1772 1824 2192 1921 proveniret
2236 1824 2364 1897 ista
2404 1844 2574 1917 vox,
2610 1830 2857 1897 tamen
2894 1823 3233 1899 veniebat
3282 1826 3377 1899 ab
3411 1826 3815 1900 Humberto

1475 1947 1742 2021 comite
1793 1947 1886 2021 de
1937 1946 2196 2019 Sancta
2251 1944 2485 2019 Flore.
2542 1944 2629 2017 Et
2680 1945 2913 2040 tangit
2964 1946 3189 2019 verba
3242 1946 3527 2021 dicens:
3582 1968 3699 2019 ma
3738 1950 3817 2040 su

1476 2072 1681 2156 dettO,
1734 2068 1828 2140 ab
1897 2086 2047 2173 uno
2099 2065 2380 2160 spiritu,
2435 2068 2651 2137 venite
2700 2084 2833 2137 con
2882 2068 3028 2157 noi,
3092 2066 3298 2160 quasi
3349 2066 3581 2140 dicat:
3632 2066 3815 2141 sicut

1476 2188 1667 2260 imus
1691 2177 1790 2279 (²),
1842 2206 1889 2257 a
1947 2206 2114 2258 man
2174 2188 2413 2259 destra
2458 2206 2591 2277 per
2650 2188 2722 2258 la
2783 2188 2973 2276 riva,
3026 2186 3199 2279 quia
3268 2207 3399 2281 per
3464 2194 3819 2283 purgato-

1475 2309 1667 2381 rium
1723 2326 2013 2400 semper
2064 2305 2214 2378 itur
2254 2306 2345 2379 ad
2390 2306 2797 2399 dexteram,
2850 2326 2889 2378 e
2928 2313 3266 2379 troverece
3296 2310 3353 2381 il
3388 2326 3605 2399 passo
3645 2326 3819 2399 pos-

1474 2430 1631 2501 sibit
1676 2448 1726 2501 a
1773 2431 1951 2501 satir
1990 2446 2309 2519 persona
2360 2430 2540 2499 viva.
2578 2426 3044 2501 Intellexerat
3094 2428 3229 2501 iste
3278 2428 3573 2523 spiritus
3623 2422 3815 2521 quod

1475 2555 1688 2644 poeta
1742 2558 1989 2623 noster
2041 2554 2203 2621 erat
2252 2547 2487 2641 vivuS,
2540 2548 2835 2641 quando
2886 2546 3229 2644 Virgilius
3279 2548 3565 2623 dixerat
3623 2542 3817 2642 quod

1476 2677 1634 2744 erat
1689 2670 1942 2743 tardus
1993 2675 2293 2763 propter
2344 2688 2672 2761 carnem,
2706 2667 2799 2743 de
2841 2690 2991 2762 quo
3042 2675 3203 2743 erat
3245 2670 3459 2743 valde
3498 2668 3818 2763 stupefa-

1477 2797 1658 2863 ctus,
1714 2790 1800 2863 Et
1852 2790 2009 2862 vult
2059 2788 2306 2863 dicere
2358 2788 2595 2881 tacite,
2648 2788 2845 2882 quod
2898 2788 3065 2863 licet
3116 2788 3233 2863 via
3286 2788 3644 2885 purgandi
3694 2808 3819 2862 su-

1475 2909 1802 3004 perbiam
1839 2900 1910 3001 (³)
1967 2909 2306 2983 videatur
2357 2908 2570 2983 valde
2620 2909 2949 3003 difficilis,
2992 2916 3434 3001 nontamen
3488 2910 3819 3005 impossi-

1473 3029 1634 3102 bilis
1685 3036 1795 3103 est
1849 3028 2136 3103 volenti.
2193 3029 2282 3102 Et
2340 3028 2653 3103 ostendit
2712 3029 3131 3103 aviditatem
3194 3030 3478 3103 videndi
3542 3030 3814 3125 vivum,

1471 3150 1764 3225 dicens:
1829 3175 1868 3225 e
1930 3154 1988 3223 ε’
2011 3154 2084 3223 io
2155 3172 2297 3223 non
2356 3154 2535 3244 sossi
2592 3154 2919 3241 impedito
2979 3154 3107 3226 dal
3167 3172 3394 3241 sasso,
3462 3152 3603 3224 sub
3664 3170 3810 3244 quo

1471 3292 1618 3345 non
1679 3292 1975 3366 possum
2055 3272 2421 3367 respicere
2486 3270 2617 3345 nisi
2694 3272 2786 3345 ad
2862 3278 3166 3366 terram,
3230 3274 3349 3345 che
3424 3276 3496 3346 la
3554 3276 3815 3345 cervice

1469 3394 1614 3464 mia
1661 3393 1964 3485 superba
2031 3396 2271 3498 doma,
2324 3412 2547 3488 quam
2604 3398 2816 3488 porto
2878 3392 3167 3468 bassam
3234 3392 3373 3466 sub
3424 3392 3610 3490 jugo
3678 3394 3816 3466 bu-

1471 3511 1810 3607 militatis,
1866 3514 2036 3608 quia
2105 3513 2389 3608 portavi
2452 3533 2617 3588 eam
2680 3514 2905 3586 altam
2968 3513 3041 3586 in
3106 3513 3303 3607 vita3
3366 3513 3561 3586 unde
3621 3513 3811 3606 dicit,

1473 3636 1654 3707 onde
1697 3641 1957 3727 ρον-ίαν
2005 3636 2413 3706 conviemmi
2460 3636 2517 3708 il
2562 3637 2711 3706 viso
2762 3635 2995 3726 basso,
3031 3633 3305 3708 scilicet
3350 3633 3443 3708 ad
3496 3641 3812 3727 terram3

1471 3757 1845 3844 quardere’
1877 3758 1948 3828 io
2021 3761 2273 3828 cotesto
2352 3757 2453 3826 clt'
2480 3773 2705 3827 ancor
2776 3757 2950 3844 vive,
3036 3753 3233 3847 quod
3292 3759 3405 3828 oet
3464 3753 3817 3848 mirabile,

1401 3883 1404 3888 ’
1473 3897 1510 3948 e
1560 3897 1700 3949 non
1750 3880 1812 3950 si
1859 3897 2100 3966 noma,
2137 3875 2342 3968 idest,
2378 3875 2710 3948 nominat
2738 3862 2841 3969 (ι),
2885 3895 3019 3968 per
3070 3877 3281 3948 vedet-
3344 3877 3562 3949 s'io'l
3606 3893 3817 3947 cono-

1471 4018 1616 4092 sc0,
1673 3998 1845 4091 quia
1899 3998 2117 4071 debet
2183 4017 2347 4070 esse
2396 3995 2886 4070 verisimiliter
2948 3995 3171 4070 borno
3232 4015 3523 4092 magnae
3574 3994 3817 4070 excel-

1470 4117 1752 4212 lentiae3
1788 4139 1824 4190 e
1851 4139 1984 4210 per
2013 4119 2209 4212 farlo
2236 4120 2501 4209 pietoso
2536 4137 2585 4188 a
2616 4123 2855 4208 questa
2886 4137 3113 4207 soma,
3148 4115 3355 4209 idest,
3390 4123 3475 4188 ut
3520 4133 3817 4209 compa-

1471 4245 1758 4313 teretur
1807 4237 2016 4334 gravi
2067 4237 2273 4312 oneri
2310 4257 2501 4311 meo,
2532 4261 2633 4290 -ε-
2656 4241 2737 4308 Ιο
2767 4240 2893 4330 sui.
2941 4236 3069 4311 Hic
3102 4235 3491 4331 praedictus
3524 4236 3815 4332 spiritus

1473 4365 1552 4431 ut
1603 4358 1898 4432 inclinet
1948 4358 2227 4431 facilius
2278 4355 2609 4430 animum
2670 4357 2951 4430 autoris
2978 4347 3055 4449 (⁵)
3106 4356 3198 4430 ad
3251 4373 3355 4448 se,
3410 4355 3820 4430 manifestat

1471 4499 1550 4552 se
1601 4499 1644 4552 a
1700 4477 2076 4572 provincia
2128 4473 2457 4574 generali
2510 4482 2585 4550 et
2634 4475 2924 4571 speciali
2976 4481 3051 4550 et
3100 4471 3525 4570 parentibus
3576 4482 3651 4550 et
3692 4493 3823 4550 no—

1473 4597 1670 4672 mine
1721 4597 2034 4694 proprio,
2080 4597 2166 4670 Et
2206 4597 2297 4670 ad
2332 4596 2553 4670 buius
2588 4597 2817 4671 literae
2854 4595 3401 4692 intelligentiam
3438 4601 3551 4670 est
3588 4595 3825 4670 scien-

1473 4718 1675 4814 dum,
1729 4720 1922 4815 quod
1976 4719 2048 4792 in
2099 4717 2468 4791 maritima
2518 4716 2829 4791 civitatis
2878 4717 3243 4792 senarum
3297 4715 3599 4790 suerunt
3646 4717 3815 4792 olim

1599 4940 1656 5003 (¹)
1690 4945 1796 5001 ¹¹⁷,
1829 4943 2100 4992 ostendere
2133 4955 2207 4992 se.
2818 4940 2859 5002 (ι

1598 5016 1652 5078 (⁸)
1684 5017 1745 5067 E.
1779 5018 2070 5080 superbiam
2105 5018 2169 5066 ait
2200 5021 2253 5066 et
2288 5017 2539 5068 rideatur.
2822 5019 2839 5079 (

1601 5091 1657 5156 (⁸)
1692 5098 1798 5154 11⁷,
1833 5095 2096 5144 auditoris.
