4392 6850
1253 987 1530 1043 umus
1579 987 1894 1045 omnus
1941 989 2279 1057 ommes.
2594 1019 2601 1028 -
2787 981 2929 1047 407

587 1133 864 1231 gelum,
891 1133 1066 1228 quia
1093 1139 1370 1230 quanto
1397 1134 1612 1230 culpa
1645 1134 1932 1210 invidiae
1965 1142 2076 1212 est
2109 1136 2489 1232 occultior,
2519 1143 2723 1213 tanto
2754 1130 2933 1234 pu'r-

583 1255 780 1352 gatio
829 1254 1051 1330 debet
1097 1275 1260 1330 esse
1299 1255 1664 1350 patentior
1713 1262 1788 1331 et
1837 1256 2123 1330 clarior.
2159 1257 2250 1330 Et
2282 1257 2486 1353 ponit
2518 1251 2935 1354 responsio-

585 1395 756 1450 nem
808 1375 1084 1474 Virgilii
1134 1376 1441 1468 claram,
1490 1373 1776 1450 dicens:
1813 1376 1934 1451 illc
1982 1375 2360 1474 Virgilius,
2388 1380 2657 1471 m‘spose
2703 1399 2751 1452 a
2782 1371 2933 1453 m'e:

584 1515 726 1570 non
779 1498 832 1570 εἰ
875 1499 1386 1588 ωαναυίρῐίανε
1431 1499 1490 1570 s’
1515 1517 1741 1570 anaor
1797 1499 1871 1571 la
1927 1501 2257 1592 famiylia
2304 1501 2421 1572 del
2474 1503 2670 1592 ciclo,
2722 1501 2928 1596 idest,

581 1615 914 1712 angelica
965 1621 1256 1711 natura,
1297 1635 1468 1712 quoe
1515 1622 1628 1692 est
1675 1615 2052 1691 familiaris
2086 1617 2415 1694 ministra
2450 1620 2767 1696 coelestis
2798 1641 2931 1716 pa-

585 1735 1032 1832 trissamffiae,
1068 1739 1117 1810 ι’
1141 1737 1498 1828 αῠῠαριία,
1531 1737 1739 1832 idest,
1773 1737 2224 1830 abarbaylia,
2254 1738 2650 1834 ablucinat,
2684 1761 2931 1816 excae-

585 1862 728 1950 cat,
777 1876 1005 1930 masso
1051 1853 1116 1948 ὀ,
1155 1855 1361 1951 idest,
1395 1857 1706 1954 angelus
1739 1856 2004 1932 missus
2037 1880 2082 1934 a
2117 1859 2455 1954 Domino,
2488 1861 2609 1933 che
2642 1863 2799 1934 vien
2832 1865 2933 1934 ad

575 1979 850 2050 ‚invitar-
891 1979 1172 2052 ch'uom
1211 1980 1470 2069 sautia,
1507 1977 1799 2072 scilicet,
1834 1977 1928 2053 ad
1978 1977 2208 2052 alium
2261 1978 2647 2054 circulum.
2682 1980 2771 2053 Et
2803 1980 2929 2055 dat

585 2095 720 2171 sibi
765 2097 1040 2174 bonam
1091 2116 1295 2192 spem
1351 2096 1729 2194 vigor-andi
1780 2097 2020 2172 visum
2057 2096 2373 2172 debilem
2424 2097 2501 2171 in
2550 2099 2781 2194 brevi,
2822 2099 2931 2172 di-

585 2237 798 2292 cens:
853 2224 1030 2291 tosto
1075 2207 1256 2291 sard
1303 2220 1405 2291 ch’
1429 2239 1481 2291 a
1545 2219 1756 2292 veder
1803 2224 2032 2310 queste
2087 2238 2271 2310 cose,
2322 2218 2745 2314 splendores
2794 2211 2931 2295 an-

583 2338 950 2434 gelorum,
1001 2359 1147 2412 non
1195 2341 1248 2412 ti
1289 2341 1394 2432 fia
1443 2359 1691 2430 prave,
1743 2359 1862 2410 ma
1907 2340 2052 2431 fieti
2099 2341 2358 2432 dilecto,
2412 2339 2706 2434 scilicet,
2755 2362 2927 2415 cum

586 2457 908 2552 perfecte
937 2463 1296 2554 purgatus
1329 2458 1712 2554 pervenies
1733 2451 1810 2550 (¹)
1843 2458 1936 2532 ad
1971 2459 2269 2532 coelum.
2304 2459 2391 2532 Et
2424 2459 2629 2534 dicit:
2667 2469 2931 2552 quanto

585 2586 849 2654 namra
898 2600 947 2653 a
992 2582 1212 2654 sentit·
1257 2583 1308 2654 ti
1343 2583 1638 2673 dispose.
1673 2579 1896 2667 Quasi
1929 2580 2154 2655 dicat:
2192 2601 2338 2654 non
2376 2586 2625 2656 tamen
2666 2575 2927 2656 credas

587 2707 662 2776 te
710 2700 1048 2774 visurum
1097 2700 1400 2796 angelos
1462 2699 1537 2773 in
1600 2699 1790 2775 coelo
1857 2699 1956 2774 ita
2015 2700 2360 2795 perfecte,
2424 2699 2614 2774 sicut
2680 2700 2929 2776 vident

587 2821 854 2896 animae
901 2820 1164 2915 beatoe,
1205 2819 1378 2914 quia
1429 2819 1662 2894 donec
1695 2819 1842 2894 eris
1875 2840 2048 2894 cum
2094 2819 2230 2894 ista
2272 2840 2499 2896 carne
2538 2841 2685 2895 non
2718 2827 2927 2917 pote-

589 2941 689 3016 ris
739 2942 1014 3017 babere
1064 2947 1342 3015 tantam
1377 2939 1693 3036 gratiam
1729 2945 1805 3014 et
1841 2939 2214 3014 virtute-m.
2237 2981 2336 2996 -
2354 2945 2505 3014 Poi.
2542 2941 2672 3017 Hic
2712 2948 2928 3038 poeta

588 3061 930 3137 describit
979 3059 1488 3157 purgationem
1543 3060 1807 3136 factam
1859 3059 1954 3134 ab
2003 3061 2271 3156 angelo
2330 3061 2404 3134 in
2464 3082 2566 3156 se,
2618 3067 2693 3136 ct
2742 3061 2927 3134 invi-

591 3180 940 3256 tationem
993 3181 1172 3274 ciuS‚
1205 3180 1614 3256 secundum
1650 3179 1848 3274 quod
1883 3179 2322 3275 praedixerat
2370 3181 2505 3256 sibi
2555 3181 2639 3255 Vi
2648 3181 2918 3278 rgiliuS.

587 3301 770 3376 Dicit
819 3321 1037 3398 ergo:
1091 3305 1164 3374 ct
1213 3299 1336 3375 ille
1373 3301 1702 3396 angeluS,
1737 3303 1920 3374 disse
1949 3320 2082 3374 con
2133 3303 2295 3374 tiela
2332 3321 2522 3392 voce,
2558 3301 2732 3395 quia
2768 3322 2927 3375 ma-

585 3444 816 3519 gnum
885 3419 1242 3517 gaudium
1300 3427 1412 3495 est
1470 3420 1734 3517 angelo
1797 3419 1892 3497 de
1953 3421 2436 3497 conversione
2498 3421 2923 3517 peccatoris»,

585 3549 854 3617 entrate
883 3562 1026 3635 qua
1073 3563 1125 3615 a
1171 3560 1269 3613 un
1301 3542 1558 3631 scateo,
1593 3539 1886 3636 scilicet,
1919 3541 2015 3616 ad
2047 3562 2435 3617 ascensum
2479 3543 2696 3617 scalae
2728 3542 2921 3616 tertii

587 3662 863 3757 circuli,
933 3682 1090 3735 men
1151 3668 1390 3753 erem,
1439 3660 1648 3755 idest,
1709 3660 1950 3735 minus
2011 3661 2335 3735 arduum
2400 3667 2476 3737 et
2537 3661 2929 3756 difficilem,

587 3785 708 3857 clue
769 3786 816 3857 Γ
843 3785 1058 3872 altro,
1117 3780 1413 3875 scilicet,
1472 3778 1915 3876 praecedenS,
1965 3780 2140 3875 quia
2210 3782 2405 3857 scala
2468 3780 2757 3857 invidiae
2819 3788 2932 3856 est

591 3903 826 4001 magis
878 3908 1114 3995 recta3
1167 3908 1243 3975 et
1289 3901 1432 3975 hoc
1479 3900 1681 3995 dixit,
1735 3903 1861 3993 poi
1900 3904 2170 3995 tiammo
2202 3904 2451 3993 fiunti,
2487 3901 2695 3996 idest,
2730 3908 2929 3996 post-

587 4044 817 4117 quam
887 4020 1381 4118 pervenimus,
1433 4023 1552 4095 all’
1577 4022 1790 4111 anqel
1852 4021 2249 4115 benedetto3
2302 4020 2473 4115 quia
2535 4020 2667 4116 ipsi
2726 4020 2929 4097 ibant

589 4143 936 4219 continuo
969 4148 1226 4219 contra
1259 4140 1630 4237 angelum,
1662 4147 1737 4215 et
1769 4140 2078 4237 angelus
2112 4140 2454 4215 veniebat
2485 4145 2741 4215 contra
2774 4160 2925 4215 eos,

590 4264 694 4339 Et·
727 4264 970 4339 subdit
1017 4261 1396 4359 gaudium,
1449 4260 1648 4356 quod
1699 4260 2030 4335 fecerunt
2079 4258 2346 4334 animae
2412 4280 2581 4354 quae
2652 4280 2927 4357 purga·—

593 4384 861 4459 bantur
919 4382 1017 4457 ibi
1074 4382 1168 4458 de
1233 4380 1668 4477 purgatione
1735 4400 1892 4474 sua,
1959 4379 2134 4474 quia
2195 4379 2631 4455 audiverant
2696 4380 2927 4455 verba

591 4501 902 4599 angeli,
933 4502 1132 4577 unde
1202 4500 1410 4577 dicit:
1461 4502 1586 4573 noi
1630 4490 1753 4592 yid
1791 4504 2043 4593 partiti
2108 4502 2295 4589 linei,
2354 4498 2562 4593 idest,
2622 4498 2925 4596 digressi

590 4622 682 4697 de
739 4622 1018 4697 circulo
1075 4619 1516 4715 invidorum,
1577 4626 2008 4710 montanam,
2057 4618 2351 4713 scilicet,
2410 4617 2505 4693 ad
2564 4617 2927 4693 circulum

589 4742 1140 4835 iracundorum,
1179 4764 1218 4815 e
1269 4746 1350 4835 fu
1400 4747 1680 4815 cantato
1727 4746 1948 4831 νείνο,
1981 4739 2078 4814 ab
2135 4738 2275 4814 illis
2334 4738 2701 4842 spiritibus
2752 4740 2929 4815 illud

589 4863 1068 4960 Evangelium
1097 4854 1214 4954 (²):
1267 4864 1467 4935 Beati
1513 4862 1996 4935 misericordes
2006 4886 2038 4953 ;
2088 4858 2227 4933 ista
2278 4860 2505 4935 verba
2570 4868 2773 4937 recte
2822 4862 2931 4937 fa-

715 5114 770 5177 (¹)
804 5120 911 5177 11⁷,
945 5117 1258 5179 perveneris.
1631 5114 1688 5179 (³)
1719 5114 1774 5167 S.
1805 5114 2196 5180 Evnngelieum.
2214 5140 2277 5155 -
2296 5114 2358 5166 E.
2392 5113 2673 5179 Evangelii.
