4392 6850
1185 989 1196 1000 '
1263 981 1542 1037 CANTUS
1591 981 1908 1038 DECIMUS
1957 982 2315 1049 QUARTUS·
2816 973 2959 1040 379

606 1137 682 1206 et
729 1129 1002 1204 divisus
1041 1149 1255 1204 mons
1287 1129 1592 1204 Pelorus
1627 1129 1702 1203 in
1735 1129 1993 1205 Sicilia.
2031 1130 2120 1203 Et
2153 1128 2271 1203 hic
2305 1135 2479 1205 nota
2512 1131 2712 1225 quod
2746 1153 2959 1208 mons

604 1251 1024 1346 Apenninus
1073 1250 1358 1326 solebat
1406 1250 1582 1325 olim
1623 1251 2034 1326 continuari
2072 1271 2311 1345 usque
2364 1250 2439 1325 in
2490 1251 2831 1346 Siciliam,
2873 1260 2963 1327 ut

607 1370 904 1445 tradunt
954 1391 1214 1446 omnes
1245 1377 1570 1464 autores,
1608 1371 1736 1446 sed
1775 1371 2138 1466 abruptus
2167 1369 2305 1446 fuit
2344 1371 2463 1448 vel
2500 1377 2955 1467 terraemotu,

607 1491 724 1566 vel
773 1490 1054 1586 impetu
1091 1490 1414 1565 duorum
1454 1491 1802 1586 marium,
1837 1490 2110 1566 scilicet
2140 1491 2431 1566 Adriaci
2464 1499 2541 1567 et
2572 1493 2953 1588 Tyrrheni,

607 1609 734 1685 ubi
783 1631 984 1685 nunc
1033 1617 1146 1686 est
1191 1611 1506 1706 pharum
1557 1612 1928 1686 Messanae.
1982 1611 2186 1686 Mons
2244 1632 2427 1709 ergo
2476 1613 2605 1706 qui
2657 1634 2955 1688 reman-

607 1729 698 1804 sit
747 1750 842 1805 ex
892 1736 1102 1826 parte
1151 1729 1408 1805 Siciliae
1461 1737 1768 1806 vocatus
1817 1737 1928 1806 est
1961 1731 2267 1806 Pelorus
2298 1753 2345 1807 a
2378 1731 2641 1807 Peloro
2674 1733 2953 1829 guber-

606 1855 866 1924 natore
915 1850 1353 1923 Hannibalis,
1407 1850 1592 1926 Nam
1645 1871 1818 1925 cum
1851 1851 2210 1925 Hannibal
2248 1852 2591 1927 transiret
2622 1853 2717 1926 de
2748 1853 2951 1928 Italia

605 1969 680 2044 in
730 1968 1042 2044 Siciliam
1097 1969 1350 2044 videns
1399 1989 1482 2043 se
1527 1969 1772 2044 subito
1822 1970 2287 2064 translatum,
2340 1971 2643 2046 credidit
2694 1993 2773 2048 se
2820 1973 2953 2048 de-

606 2097 900 2186 ceptum
955 2089 1213 2165 fraude
1262 2089 1526 2182 Pelori,
1568 2095 1642 2164 et
1681 2089 1916 2164 iratus
1965 2110 2138 2164 cum
2193 2089 2449 2164 furore
2478 2090 2954 2186 praecipitavit

604 2210 844 2306 ipsum
905 2209 981 2284 in
1045 2230 1292 2303 mare3
1344 2209 1470 2284 sed
1534 2215 1808 2304 postea,
1861 2230 2121 2285 errore
2187 2210 2585 2307 recognito,
2638 2211 2807 2286 fecit
2853 2211 2955 2285 illi

605 2340 902 2408 mortuo
952 2329 1350 2427 spectabile
1399 2329 1848 2426 sepulcrum,
1891 2331 2187 2426 quando
2216 2325 2289 2423 (¹)
2344 2331 2597 2406 vivum
2640 2351 2787 2406 non
2822 2351 2953 2426 po-

607 2458 796 2527 terat
845 2436 1238 2527 honorare'.
1289 2449 1400 2523 Ab
1451 2451 1588 2524 isto
1637 2470 1819 2547 ergo
1878 2471 2090 2524 mons
2152 2450 2459 2526 Pelorus
2520 2450 2951 2526 denomina-

609 2572 878 2647 tionem
931 2571 1266 2666 sumpsit.
1317 2571 1409 2644 Et
1455 2569 1662 2644 dicit:
1697 2573 1818 2643 cloe
1861 2591 2042 2663 poco
2091 2574 2245 2644 loco
2287 2591 2511 2664 passa
2557 2573 2745 2644 olera
2796 2572 2955 2660 quel

603 2713 836 2784 scyno.
890 2693 1062 2766 Vult
1111 2691 1358 2765 dicere
1405 2690 1606 2785 quod
1657 2710 1868 2765 mons
1907 2691 2329 2786 Apenninus
2378 2697 2491 2765 est
2540 2711 2803 2786 parum
2838 2690 2948 2766 al-

607 2811 747 2887 tior
796 2811 872 2886 in
921 2812 1170 2906 aliqua
1222 2819 1432 2907 parte
1472 2811 1610 2906 sui,
1646 2833 1868 2906 quam
1922 2811 1996 2885 in
2046 2812 2209 2886 loco
2260 2811 2387 2886 ubi
2440 2811 2761 2886 nascitur
2804 2812 2945 2886 Ar·-

603 2953 762 3006 nus.
818 2933 906 3004 Et
955 2932 1164 3007 dicit:
1206 2935 1406 3024 infin,
1441 2931 1624 3006 idest
1666 2931 2039 3026 usquead
2073 2952 2305 3024 mare,
2340 2921 2415 3004 ed
2446 2953 2575 3006 ove
2602 2934 2667 3004 si
2696 2935 2945 3024 rende,

601 3051 732 3147 ipsi
785 3051 998 3146 mari,
1043 3073 1177 3144 per
1223 3055 1514 3144 ristoro,
1563 3050 1748 3126 idest
1805 3072 1942 3147 pro
2007 3051 2565 3144 restauratione,
2628 3055 2705 3126 di
2764 3053 2945 3143 quel,

602 3172 785 3248 idest
835 3172 930 3248 de
979 3173 1098 3247 illa
1148 3193 1369 3267 aqua,
1421 3174 1542 3246 che
1573 3174 1625 3244 'l
1669 3174 1800 3246 ciel
1845 3175 2160 3264 asanaa,
2212 3171 2416 3267 idest,
2466 3172 2765 3246 attrahit
2814 3191 2945 3267 per

605 3313 938 3390 vapores,
991 3295 1178 3366 della
1229 3296 1540 3384 marina,
1577 3292 1758 3368 idest
1798 3313 1892 3368 ex
1930 3292 2140 3388 mari,
2181 3295 2389 3383 oncle,
2423 3291 2607 3367 idest
2654 3293 2747 3367 de
2796 3313 2943 3386 qua

601 3415 910 3510 marina,
959 3417 988 3487 i
1028 3416 1227 3507 fiumi
1273 3416 1512 3489 hanno
1559 3405 1667 3489 οἱὸ
1715 3417 1836 3489 che
1883 3436 1976 3487 va
2025 3435 2157 3487 con
2206 3416 2389 3506 lora,
2432 3412 2617 3489 idest
2672 3434 2943 3507 aquas3

599 3545 674 3615 et
723 3538 798 3612 in
849 3538 992 3611 hoc
1041 3536 1274 3633 tangit
1320 3535 1872 3633 generationem
1923 3535 2214 3629 pluviae.
2268 3536 2479 3630 Nam,
2530 3540 2616 3609 ut
2662 3534 2939 3609 dictum

598 3664 711 3733 est
782 3678 1006 3753 supra
1081 3656 1400 3752 capitulo
1450 3657 1534 3748 V,
1593 3656 1702 3730 sol
1759 3656 2006 3730 calore
2067 3676 2207 3728 suo
2265 3653 2569 3731 attrabit
2632 3673 2943 3748 vapores

597 3798 874 3872 aqueos
925 3778 1002 3851 in
1051 3777 1351 3872 nubem,
1389 3797 1558 3872 quae
1609 3776 2000 3851 resolvitur
2033 3776 2110 3849 in
2145 3774 2511 3871 pluviam3
2554 3783 2629 3848 et
2660 3775 2765 3849 sic
2790 3764 2941 3849 flu-

599 3898 796 3971 mina
847 3896 1180 3972 referunt
1227 3896 1322 3971 ad
1374 3915 1583 3970 mare
1633 3894 1705 3969 id
1755 3895 1955 3989 quod
2003 3894 2232 3970 stellae
2280 3894 2737 3970 abstulerant
2779 3894 2935 3969 sibi.

596 4058 696 4073 —
727 4019 946 4093 onde.
987 4015 1120 4089 Hic
1151 4014 1388 4090 Guido
1421 4034 1516 4091 ex
1555 4014 1762 4089 dictis
1811 4013 2176 4089 concludit
2218 4013 2931 4089 transformationem

595 4138 1004 4214 incolarum
1055 4136 1262 4211 istius
1323 4135 1552 4229 valli8,
1603 4133 1890 4210 dicens:
1939 4137 2041 4226 ,qli
2098 4136 2432 4209 abitatori
2463 4136 2647 4207 delta
2680 4137 2941 4207 misera

596 4262 800 4351 valle,
851 4258 1125 4333 scilicet
1171 4256 1372 4351 Arni,
1422 4258 1660 4329 hanno
1707 4246 1768 4328 si
1817 4262 2088 4329 mutata
2129 4258 2245 4329 lor
2274 4261 2565 4344 namra,
2600 4252 2772 4346 quia
2807 4274 2941 4329 na-

595 4380 930 4455 turaliter
961 4385 1132 4454 sunt
1165 4378 1530 4453 industres
1561 4367 1636 4467 ι’)
1670 4374 1766 4450 ad
1800 4374 2050 4451 omnia
2083 4394 2313 4470 opera
2346 4380 2422 4449 et
2460 4372 2785 4467 subtileS,
2820 4376 2941 4447 che

587 4522 734 4595 par
783 4504 902 4575 che
957 4504 1150 4575 Circe
1196 4501 1298 4590 yla·
1344 4518 1586 4572 avesse
1631 4500 1704 4571 in
1763 4503 2098 4589 pastun-a,
2166 4494 2327 4569 illos
2392 4498 2937 4569 transmutatos·

593 4622 680 4696 Et
731 4621 846 4696 bic
886 4628 1059 4695 nota
1094 4619 1290 4714 quod
1333 4618 1470 4693 ista
1505 4618 1736 4712 Circe,
1771 4617 1864 4691 de
1907 4635 2056 4710 qua
2098 4614 2291 4691 facta
2340 4619 2451 4689 ωε
2506 4612 2781 4687 mentio
2820 4612 2942 4687 ln-

593 4740 777 4816 ferni
827 4740 1147 4836 capitulo
1198 4738 1446 4831 XXVI,
1497 4736 1635 4811 fuit
1683 4734 2166 4811 famosissima
2220 4754 2437 4829 maga
2490 4738 2564 4807 et
2613 4732 2941 4807 incanta-

594 4862 736 4935 trix
786 4860 962 4936 olim
1013 4860 1089 4934 in
1139 4859 1364 4954 Italia,
1417 4878 1588 4953 quae
1635 4856 1788 4931 suis
1839 4854 2208 4931 veneficiis
2268 4853 2535 4929 dicitur
2586 4850 2938 4927 transfor-

719 5048 774 5107 θ)
809 5050 917 5107 11⁷,
948 5048 1194 5111 quonlam
1226 5048 1402 5097 vivum
1435 5058 1540 5095 non
1573 5048 1793 5107 poterat.

724 5122 778 5185 (¹)
813 5128 920 5184 117,
951 5124 1172 5175 industri
1203 5124 1268 5175 ad
1297 5123 1472 5175 omnia
1503 5134 1680 5186 opera.
