4392 6850
1435 972 1718 1028 CANTUS
1769 973 2102 1028 memus,
2797 959 2939 1026 277

598 1124 792 1198 latus
839 1120 1248 1220 secundum
1301 1126 1585 1195 motum
1640 1119 1915 1214 lapidis,
1965 1119 2164 1212 quod
2225 1119 2551 1194 declarat
2602 1137 2733 1212 per
2782 1139 2944 1192 mo-

601 1251 760 1317 tum
815 1243 1034 1335 lunae,
1085 1240 1368 1316 dicens:
1421 1247 1640 1330 tamo,
1689 1242 1810 1313 che
1857 1241 1926 1312 lo
1974 1260 2205 1312 soemo
2252 1242 2437 1314 della
2485 1241 2682 1330 luna,
2736 1238 2942 1333 idest,

601 1366 776 1438 luna
803 1382 970 1456 quae
997 1367 1160 1436 erat
1183 1360 1367 1434 sima
1386 1353 1488 1454 (¹),
1516 1359 1688 1453 quia
1707 1359 1863 1454 jam
1891 1365 2053 1434 erat
2075 1359 2435 1433 diminuta
2463 1379 2594 1454 per
2620 1365 2943 1453 quatuor

601 1483 756 1558 dies
824 1489 984 1577 post
1051 1480 1552 1576 plenilunium.
1618 1481 1796 1553 Erat
1865 1479 2059 1554 enim
2127 1481 2302 1554 luna
2371 1480 2583 1575 plena
2649 1480 2945 1574 quando

583 1604 874 1710 „Dantes
923 1601 1221 1675 intravit
1271 1600 1662 1695 infernum,
1708 1600 1780 1672 in
1831 1620 1982 1692 quo
2033 1599 2229 1675 stetit
2279 1620 2409 1694 per
2463 1606 2610 1674 tres
2658 1599 2836 1692 dies,
2871 1607 2947 1675 et

485 1806 490 1814 ,
601 1725 756 1820 jam
823 1727 1126 1798 steterat
1193 1721 1268 1794 in
1334 1720 1760 1818 purgatorio
1829 1739 1962 1816 per
2041 1742 2263 1794 unam
2327 1720 2547 1813 diem,
2614 1727 2688 1796 et
2750 1741 2947 1795 nunc

511 1847 528 1863 ‘
607 1851 768 1920 erat
818 1842 891 1917 in
939 1841 1282 1916 secunda.
1338 1841 1498 1915 Jam
1551 1840 1747 1916 enim
1798 1840 2064 1914 audisti
2125 1841 2193 1914 in
2263 1841 2697 1936 praecedenti
2748 1847 2947 1936 eapi-

611 1965 765 2039 tulo
816 1963 1014 2058 quod
1063 1963 1170 2037 sol
1222 1967 1384 2036 erat
1431 1962 1624 2034 altus
1674 1960 1962 2034 duabus
2013 1958 2234 2056 horiS,
2286 1967 2363 2036 et
2414 1981 2608 2036 nunc
2672 1981 2949 2055 expen-

607 2085 866 2159 derant
917 2103 1142 2156 unam
1194 2083 1452 2157 horam
1489 2081 1564 2153 in
1599 2081 1732 2155 ista
1773 2082 1908 2174 via,
1944 2080 2042 2154 ita
2079 2081 2278 2175 quod
2312 2088 2473 2156 erat
2508 2082 2715 2176 quasi
2765 2081 2949 2156 hora

609 2203 1036 2296 tertiarum;
1093 2202 1286 2276 unde
1335 2199 1543 2275 dicit:
1593 2203 1929 2292 nyiunse,
1977 2201 2051 2274 in
2103 2201 2257 2297 ipso
2308 2202 2633 2276 secundo
2684 2201 2827 2292 die,
2876 2204 2952 2274 al

611 2327 766 2398 letto
813 2343 968 2410 ειιο,
1037 2320 1220 2396 idest
1281 2321 1377 2395 ad
1434 2341 1696 2394 occasu
1709 2343 1808 2414 m,
1847 2341 1986 2414 per
2034 2325 2401 2414 coticarsi,
2462 2323 2665 2416 idest,
2717 2343 2941 2396 causa

611 2440 1006 2518 collocandi
1059 2461 1161 2534 se,
1214 2439 1413 2534 quia,
1455 2441 1749 2534 quando
1799 2440 2115 2536 disparet
2160 2441 2366 2516 nobis
2403 2442 2475 2515 in
2510 2463 2802 2536 occasu,
2840 2441 2951 2514 vi-

609 2563 826 2638 detur
875 2561 1084 2656 quasi
1145 2562 1254 2636 ire
1322 2568 1716 2656 pausatum
1783 2563 1876 2636 ad
1940 2563 2211 2637 lectum
2278 2585 2549 2658 suum3
2603 2568 2773 2656 pria
2832 2566 2953 2637 elle

612 2687 732 2756 noi
773 2684 1068 2777 sossimo
1111 2686 1284 2775 [τιον
1333 2684 1410 2755 di
1457 2685 1684 2772 quella
1733 2703 1985 2774 crana,
2029 2683 2233 2776 idest,
2278 2690 2487 2758 extra
2536 2691 2819 2779 petram
2866 2685 2953 2759 il-

614 2804 784 2897 lam,
837 2823 1008 2895 quae
1058 2807 1220 2876 erat
1269 2801 1496 2876 divisa
1549 2809 1622 2876 et
1669 2808 1895 2895 arcta,
1930 2802 2116 2876 sieut
2150 2803 2481 2878 foramen
2518 2825 2719 2898 acuS,
2755 2805 2953 2898 quod

615 2929 724 2997 est
777 2941 908 3017 per
960 2923 1262 3018 longum
1315 2921 1686 3015 strictum;
1741 2923 1856 2996 vel
1908 2922 2315 2997 secundum
2365 2923 2582 2999 aliam
2638 2924 2955 3016 literam,

614 3065 820 3136 cuna,
873 3048 948 3118 et
998 3048 1174 3116 tunc
1223 3042 1461 3116 dicam
1515 3042 1711 3135 quod
1771 3041 2084 3136 appellat
2143 3042 2354 3116 istam
2422 3043 2617 3118 viam
2682 3063 2952 3118 cunam

613 3185 747 3259 per
821 3165 1152 3259 pulcram
1225 3165 1759 3257 metaphoram,
1830 3162 2002 3256 quia
2079 3162 2313 3257 prima
2390 3164 2589 3238 initia
2665 3163 2955 3240 virtutis

616 3292 818 3360 recte
866 3290 1170 3380 possunt
1219 3283 1358 3358 dici
1407 3283 1876 3376 incunabula,
1929 3283 2198 3378 quibus
2249 3285 2471 3358 homo
2524 3285 2763 3379 primo
2814 3306 2955 3356 nu-

615 3405 854 3480 tritur.
882 3411 1132 3480 -Ma
1182 3407 1484 3497 quando.
1537 3403 1667 3479 Hic
1716 3411 1931 3499 poeta
1980 3403 2339 3500 descripta
2384 3405 2620 3501 prima
2664 3405 2779 3479 via
2822 3405 2958 3479 dit·

615 3526 778 3603 ficili
832 3526 1070 3619 valde,
1123 3545 1320 3599 nunc
1367 3525 1708 3601 describit
1761 3524 1952 3599 viam
2016 3525 2440 3619 generalem
2498 3526 2731 3622 magis
2782 3526 2957 3601 saci-

613 3648 758 3722 lem
813 3667 948 3741 per
1007 3666 1236 3741 quam
1288 3645 1436 3719 itur
1488 3665 1730 3739 usque
1789 3644 1882 3718 ad
1952 3665 2335 3718 summum
2387 3646 2815 3742 purgatorii.
2872 3636 3005 3719 Et‘

615 3767 786 3862 quia
825 3768 1034 3842 litera
1076 3766 1368 3840 videtur
1419 3765 1633 3839 nimis
1671 3766 2010 3858 obscura,
2047 3765 2138 3839 ad
2174 3765 2367 3839 illius
2408 3766 2957 3863 intelligentiam

615 3889 892 3963 claram
948 3888 1114 3962 volo
1167 3894 1240 3961 te
1290 3885 1698 3981 imaginari,
1734 3885 1930 3979 quod
1971 3884 2106 3960 iste
2143 3906 2352 3959 mons
2400 3888 2805 3982 purgatorii
2850 3894 2960 3961 est

617 4016 998 4103 tamquam
1053 4006 1278 4081 turris
1339 4006 1654 4081 rotunda
1703 4006 2050 4081 altissima
2113 4005 2309 4081 circa
2369 4028 2593 4100 quam
2655 4008 2747 4081 sit
2813 4028 2959 4083 una

617 4129 770 4201 sola
810 4128 926 4202 via
961 4128 1146 4203 sacta
1181 4128 1258 4201 in
1291 4127 1604 4205 circuitu
1638 4128 1730 4203 ad
1767 4127 2261 4203 revolutiones
2288 4148 2419 4222 per
2450 4150 2673 4223 quam
2702 4149 2958 4203 ascen-

617 4246 818 4321 ditur
869 4268 1108 4343 usque
1155 4248 1249 4322 ad
1299 4267 1718 4340 summum3
1766 4247 1924 4322 talis
1975 4253 2086 4321 est
2137 4268 2287 4321 una
2326 4248 2441 4321 via
2490 4247 2685 4322 circa
2735 4248 2957 4321 istum

619 4374 974 4462 montem,
1027 4390 1196 4462 quae
1243 4368 1652 4464 appellatur
1699 4371 1998 4459 cornice,
2051 4374 2126 4443 et
2173 4368 2505 4443 distincta
2556 4369 2631 4443 in
2680 4377 2957 4465 septem

617 4488 916 4583 graduS,
954 4488 1028 4562 in
1081 4487 1346 4583 quibus
1381 4494 1794 4583 purgantur
1833 4494 2114 4581 septem
2151 4508 2427 4583 genera
2464 4496 2963 4584 peccatorum,

619 4614 692 4683 et
747 4630 939 4681 unus
987 4608 1264 4704 gradus
1326 4615 1438 4683 est
1503 4606 1879 4681 distinctus
1933 4607 2030 4682 ab
2093 4608 2261 4702 alio,
2312 4614 2389 4682 et
2441 4610 2737 4683 clausus
2786 4631 2959 4685 cum

619 4735 854 4822 porta.
905 4728 1015 4802 Ad
1067 4728 1352 4803 literam
1419 4748 1642 4824 ergo:
1694 4727 1863 4802 dicit
1914 4735 2153 4823 poeta,
2214 4729 2411 4823 quod
2464 4736 2961 4824 pervenerunt

621 4848 713 4921 ad
764 4849 978 4922 istam
1031 4848 1224 4922 viam
1279 4848 1700 4941 faciliorem,
1750 4847 2030 4923 dicens:
2082 4854 2211 4922 Ma
2250 4852 2533 4940 quando
2567 4854 2833 4943 summo
2876 4855 2963 4926 12·-

742 5110 800 5173 (⁸)
832 5109 896 5179 13,
929 5109 1106 5161 noima.
