4392 6850
1412 948 1688 1004 CANTUS
1737 949 2126 1006 SECUNDUS.
2840 937 2933 1005 65

583 1093 932 1192 Angelus,
967 1116 1092 1168 sen
1122 1086 1240 1185 930
1273 1096 1449 1167 com'
1473 1097 1540 1168 el
1587 1115 1804 1168 venne
1853 1098 2104 1187 veloce,
2139 1093 2314 1188 quia
2357 1095 2513 1190 pari
2550 1095 2937 1170 velocitate

585 1215 848 1292 redivit
898 1235 1034 1311 pro
1081 1212 1240 1288 aliis
1289 1213 1678 1288 animabus
1728 1214 2120 1310 portandis.

729 1340 834 1410 La
885 1336 1124 1410 narba.-
1153 1336 1294 1409 Ista
1347 1339 1459 1410 est
1511 1335 1726 1409 tertia
1777 1356 1947 1431 pars
1996 1336 2386 1432 generaliS,
2422 1335 2495 1410 in
2538 1358 2687 1430 qua
2722 1343 2936 1432 poeta

581 1455 926 1530 describit
978 1475 1204 1528 unam
1271 1454 1570 1530 turbam
1631 1455 2054 1530 animarum
2119 1461 2581 1551 portatarum
2638 1456 2733 1532 ab
2787 1459 2939 1531 An·-

581 1577 771 1672 gelO,
825 1595 917 1650 ex
971 1595 1294 1670 quarum
1347 1595 1663 1650 numero
1700 1576 2160 1672 recognoscit
2189 1576 2517 1651 animam
2559 1577 2779 1652 unius
2822 1578 2937 1651 sui

581 1695 840 1770 dilecti.
879 1696 970 1768 Et
1001 1695 1241 1790 primo
1275 1696 1588 1774 ostendit
1623 1717 1912 1772 morem
1948 1717 2237 1790 earum,
2272 1696 2557 1773 dicens:
2596 1701 2668 1771 la
2702 1700 2933 1791 turba,

580 1813 851 1893 scilicet
901 1817 1194 1892 illorum
1245 1817 1659 1912 spirituum,
1701 1820 1822 1892 cloe
1859 1821 2125 1892 rimoso
2171 1811 2247 1910 li,
2288 1839 2524 1910 parea
2570 1822 2932 1912 selvaqyia

582 1941 700 2014 del
745 1943 926 2032 loco,
977 1938 1180 2034 idest,
1231 1939 1492 2035 ignara
1541 1939 1703 2035 loci,
1755 1940 1955 2034 quod
1993 1938 2494 2034 ostendebant,
2529 1943 2933 2014 rimirando

583 2064 896 2147 intorno,
945 2060 1130 2135 sicut
1181 2058 1454 2134 faciunt
1503 2059 1872 2156 peregrini
1923 2059 1997 2133 in
2051 2066 2249 2134 terra
2284 2058 2556 2156 ignota,
2592 2059 2791 2134 unde
2820 2059 2933 2134 di-

582 2180 721 2256 cit:
771 2201 964 2254 come
1010 2183 1191 2254 colui
1237 2181 1357 2252 01oe
1403 2201 1637 2254 nuova
1688 2201 1853 2253 cosa
1889 2183 2229 2270 assayyia
2241 2205 2273 2272 ;
2314 2184 2389 2254 et
2423 2179 2539 2253 isti
2575 2167 2934 2258 venerant

579 2300 672 2376 ad
725 2321 992 2376 novam
1046 2319 1206 2374 rem
1271 2300 1720 2393 tentandam,
1773 2299 2047 2375 scilicet
2111 2299 2204 2373 ad
2262 2299 2789 2394 poenitentiam.
2843 2299 2933 2372 Et

579 2420 929 2495 continuo
991 2420 1304 2494 ostendit
1372 2420 1668 2515 quando
1731 2425 1806 2495 et
1867 2419 2044 2514 quid
2104 2418 2419 2494 dixerint
2478 2418 2577 2492 illi
2638 2419 2933 2515 spiritus

579 2541 703 2616 eis.
759 2540 962 2614 Unde
1013 2540 1356 2616 describit
1407 2547 1698 2636 tempus
1749 2540 2097 2616 idoneum
2158 2538 2531 2634 processui
2592 2538 2928 2633 istorum,

580 2667 654 2736 et
701 2662 862 2736 vult
911 2661 1236 2737 breviter
1286 2662 1532 2737 dicere
1585 2661 1786 2756 quod
1826 2662 1982 2756 jam
2037 2659 2259 2735 fiebat
2307 2659 2460 2734 dies
2510 2660 2709 2733 clara
2762 2660 2930 2733 ubi-

579 2802 727 2876 que
789 2781 863 2855 in
933 2782 1056 2856 illo
1118 2781 1582 2876 hemisperio,
1637 2781 1835 2876 quod
1902 2780 2215 2855 ostendit
2281 2799 2415 2876 per
2475 2778 2770 2854 evidens
2829 2780 2926 2853 si-

579 2923 838 2998 gnum,
889 2901 1066 2995 quia
1113 2901 1384 2976 scilicet
1434 2902 1929 2997 capricornuS,
1968 2901 2096 2996 qui
2136 2907 2299 2975 erat
2355 2900 2577 2996 paulo
2625 2906 2799 2974 ante
2848 2900 2923 2974 in

577 3021 820 3098 medio
859 3020 1050 3114 coeli,
1085 3021 1580 3096 declinaverat
1617 3022 2158 3116 aliquantulum
2210 3021 2303 3096 ad
2350 3041 2699 3097 occasum
2751 3042 2925 3116 pro-

577 3142 884 3218 cedente
933 3142 1132 3236 sole3
1185 3162 1357 3215 nam
1411 3147 1496 3214 ut
1561 3141 1838 3215 dictum
1903 3148 2014 3218 est
2075 3142 2150 3238 in
2214 3141 2564 3237 principio
2630 3139 2923 3236 capituli

577 3283 724 3337 nox
775 3261 997 3336 fiebat
1049 3260 1256 3335 nobis
1306 3260 1378 3334 in
1431 3260 1638 3353 libra,
1673 3267 1750 3335 et
1788 3261 2267 3357 capricornus
2314 3268 2425 3336 est
2474 3260 2777 3335 tertium
2829 3259 2929 3334 si-

574 3403 809 3479 gnum
859 3387 1020 3478 post
1071 3380 1358 3475 libram,
1411 3380 1574 3456 ideo
1625 3387 1788 3457 erat
1839 3381 1911 3455 in
1965 3381 2209 3457 medio
2248 3381 2450 3477 coeli3
2505 3402 2677 3457 nam
2731 3401 2928 3456 sem-

573 3524 708 3599 per
757 3522 886 3578 sex
947 3502 1151 3599 signa
1211 3509 1382 3576 sunt
1439 3522 1665 3598 super
1713 3510 1993 3579 terram
2044 3511 2118 3577 et
2175 3522 2305 3577 sex
2372 3503 2559 3578 infra
2626 3510 2925 3596 terram,

576 3644 1054 3718 quocumque
1105 3630 1442 3719 tempore
1473 3623 1666 3697 dato.
1709 3623 1896 3698 Dicit
1945 3644 2164 3721 ergo:
2204 3627 2273 3697 lo
2304 3626 2438 3715 sol,
2473 3624 2717 3697 oriens
2749 3643 2924 3698 cum

573 3745 808 3821 ariete
858 3744 978 3838 ibi,
1029 3746 1131 3817 ch’
1157 3765 1338 3817 avea
1385 3748 1692 3817 cocciaco
1723 3747 1778 3817 il
1807 3747 2232 3837 capricorno
2274 3748 2372 3817 da
2412 3766 2655 3817 mezzo
2687 3748 2744 3818 il
2770 3747 2922 3833 ciel,

575 3867 750 3961 quia
796 3865 982 3939 sicut
1017 3866 1123 3939 sol
1157 3864 1536 3960 paullatim
1572 3863 2033 3957 ascendebat,
2070 3863 2170 3938 ita
2205 3864 2679 3959 capricornus
2711 3865 2925 3960 paul—

572 3985 778 4061 latim
829 3985 1262 4077 declinabat,
1296 3992 1612 4059 saetcava
1643 3988 1698 4057 il
1725 3987 2011 4075 yiornO,
2048 3982 2252 4077 idest,
2288 3984 2669 4059 emittebat
2700 3984 2921 4079 diem,

573 4128 706 4180 con
753 4109 816 4179 le
864 4112 1076 4180 saeue
1123 4112 1344 4196 conte,
1395 4103 1602 4199 idest,
1637 4125 1811 4179 cum
1867 4104 2085 4179 radiis
2125 4104 2277 4177 suis
2330 4104 2750 4197 manifestiS,
2792 4104 2916 4199 qui

573 4228 778 4301 velut
836 4226 1120 4322 sagittae
1189 4225 1386 4299 acuti
1451 4225 1723 4300 feriunt
1783 4231 1858 4299 et
1921 4230 2309 4319 penetrant
2372 4222 2754 4317 subtiliter,
2825 4227 2923 4297 da

574 4353 732 4422 tutte
767 4350 998 4440 parci,
1050 4347 1124 4419 in
1175 4345 1616 4441 hemisperio
1684 4344 1828 4419 illo.
1897 4346 1984 4419 Et
2047 4345 2151 4419 sic
2214 4344 2380 4419 vide
2442 4344 2663 4438 quod,
2731 4343 2925 4418 sicut

572 4468 1012 4563 praedixerat
1063 4466 1166 4541 eis
1225 4467 1428 4559 Cato,
1479 4466 1586 4540 sol
1646 4466 1895 4541 oriens
1955 4466 2386 4541 ostendebat
2445 4466 2553 4538 eis
2616 4465 2778 4559 iter,
2848 4472 2948 4539 et‘

571 4589 1008 4665 ascendebat
1055 4588 1457 4683 paullatim,
1511 4588 1699 4662 sicut
1761 4593 1838 4662 et
1887 4586 2020 4683 ipsi
2069 4585 2465 4661 ascendent
2514 4586 2922 4682 paullatim,

571 4713 855 4811 quando
906 4713 978 4783 la
1023 4730 1262 4783 nuova
1305 4714 1530 4801 yeme,
1581 4728 1752 4803 quae
1815 4708 2104 4783 noviter
2163 4708 2551 4804 appulerat
2598 4707 2690 4782 ad
2744 4707 2925 4781 illud

571 4850 848 4906 novum
900 4829 1092 4924 litus,
1145 4822 1309 4903 alzd
1359 4832 1434 4903 la
1476 4833 1714 4923 fronte
1757 4824 1880 4901 ver
1915 4830 2061 4920 noi,
2095 4833 2365 4923 putans
2418 4848 2550 4902 nos
2601 4827 2760 4901 sore
2810 4827 2925 4900 in-

572 4952 766 5026 colas
814 4948 1006 5023 illius
1056 4949 1217 5043 loci,
1269 4952 1560 5023 dicendo
1610 4971 1660 5021 a
1701 4951 1824 5021 noi
1839 4974 1862 5020 .-
1911 4970 1986 5021 se
2035 4950 2152 5021 voi
2197 4954 2459 5040 sapete,
2502 4952 2919 5019 mostratene

573 5074 645 5144 la
695 5073 812 5143 via
863 5070 939 5142 di
982 5072 1139 5161 aire
1187 5073 1266 5143 al
1309 5076 1564 5161 monte,
1615 5068 1791 5163 quia
1849 5068 2287 5164 ignorabant
2346 5067 2540 5141 viam
2608 5066 2915 5139 virtutis.

839 5209 921 5254 11¹.
2620 5208 2650 5250 δ
