4392 6850
1486 934 1629 1007 486
2203 944 2613 1001 comma-uu
2660 942 3101 999 runea'ronu

1485 1096 1572 1169 Et
1620 1092 1827 1169 dicit:
1878 1112 1919 1165 e
1966 1092 2105 1165 duo
2154 1092 2476 1181 dinanzi,-
2527 1105 3024 1185 praecursores
3079 1087 3419 1182 aliorum,
3467 1091 3826 1180 yridaoan

1474 1216 1913 1308 pianyendo,
1972 1211 2145 1306 quia
2196 1216 2598 1307 purgantes
2647 1229 2749 1304 se,
2799 1214 3096 1284 cantant
3145 1206 3524 1302 plorando,
3576 1215 3652 1283 et
3717 1210 3830 1283 di..

1486 1334 1753 1411 cebant
1782 1328 1855 1426 (¹)
1910 1333 1985 1407 in
2034 1330 2562 1428 improperium
2613 1329 2945 1405 accidiae:
2983 1333 3228 1403 Mar-ia
3277 1350 3478 1403 σον-3ο
3508 1334 3584 1403 in
3613 1336 3831 1425 sreua

1485 1458 1635 1530 alla
1684 1450 2095 1547 morataque,
2146 1456 2234 1527 ut
2282 1452 2607 1527 visitaret
2669 1450 3052 1527 Elisabeth.
3115 1451 3325 1545 Nam,
3383 1456 3462 1524 ut
3515 1451 3831 1527 habetur

1484 1579 1703 1652 Lucae
1752 1576 2068 1672 capitulo
2119 1576 2171 1669 1,
2222 1574 2530 1671 angelus
2577 1573 2880 1648 veniens
2941 1572 3036 1647 ad
3096 1573 3396 1647 Mariam
3451 1572 3523 1647 in
3575 1573 3830 1649 civita-

1486 1704 1634 1772 tem
1676 1698 2061 1789 Nazareth,
2100 1694 2430 1768 nuntiata
2471 1692 2604 1767 sibi
2637 1692 3112 1787 conceptione
3147 1692 3567 1785 Salvatoris,
3609 1693 3825 1771 dixit:

1486 1823 1561 1893 et
1610 1836 1783 1892 ecce
1831 1813 2195 1891 Elisabeth
2237 1820 2548 1909 cognata
2584 1819 2711 1887 tua
2745 1818 2882 1887 etc.
2918 1812 3008 1884 Et
3039 1812 3388 1886 continuo
3422 1813 3644 1887 Maria
3685 1834 3820 1889 au·-

1485 1939 1631 2013 dita
1666 1934 2141 2033 conceptione
2180 1934 2544 2009 Elisabeth
2594 1952 2908 2029 surgens
2941 1952 3111 2007 cum
3150 1932 3602 2008 festinatione
3651 1934 3825 2008 abiit

1484 2060 1559 2133 in
1596 2064 1967 2151 montana,
2002 2063 2078 2131 et
2112 2054 2380 2129 mansit
2413 2074 2587 2129 cum
2623 2074 2714 2129 ea
2754 2053 2990 2129 tribus
3023 2053 3399 2128 mensibus
3433 2066 3826 2149 usquequo

1486 2178 1802 2277 peperit3
1854 2175 2115 2251 deinde
2152 2194 2450 2249 reversa
2493 2178 2604 2249 est
2635 2172 2940 2247 domum
2983 2193 3218 2247 suam.
3257 2173 3346 2249 Et
3385 2192 3562 2248 vere
3601 2174 3821 2248 Maria

1486 2298 1623 2373 fuit
1672 2297 1963 2372 inimica
2012 2293 2310 2369 accidiae
2357 2293 2780 2369 omnimode
2829 2293 3138 2387 orando,
3183 2292 3567 2389 vigilando,
3619 2294 3833 2369 labo·-

1490 2416 1742 2511 rando,
1770 2415 2140 2491 currendo
2162 2414 2258 2489 ad
2285 2424 2638 2509 montem,
2659 2412 3006 2510 fugiendo
3029 2412 3122 2489 ad
3150 2412 3363 2508 plana
3379 2412 3667 2509 AEgypti
3685 2420 3822 2488 etc.

1486 2540 1577 2613 Et
1611 2538 1787 2633 quia
1822 2543 2075 2632 posset·
2096 2535 2342 2611 dicere
2371 2534 2813 2609 accidiosus:
2849 2554 3000 2608 non
3037 2554 3334 2628 possum
3369 2553 3532 2608 esse
3563 2534 3830 2629 Maria;

1486 2658 1651 2734 ideo
1698 2658 1943 2732 statim
1994 2656 2291 2732 adducit
2340 2656 2762 2750 exemplum
2797 2654 3122 2729 Caesaris.
3160 2654 3246 2727 Et
3285 2653 3380 2727 ad
3419 2653 3832 2750 intelligen·b

1488 2778 1665 2854 tiam
1717 2777 1939 2851 huius
1982 2776 2215 2851 literae
2261 2782 2372 2850 est
2409 2774 2732 2849 breviter
2773 2773 3176 2867 sciendum,
3218 2772 3438 2867 quod,
3483 2780 3563 2845 ut
3602 2779 3828 2849 testa-

1489 2906 1612 2972 tur
1660 2896 2071 2990 Svetonius,
2124 2896 2368 2971 Caesar
2419 2895 2670 2991 fugato
2720 2893 3070 2988 Pompeio
3105 2914 3197 2968 ex
3239 2892 3465 2987 Italia,
3507 2900 3602 2968 et·
3630 2893 3832 2967 ordi·-

1489 3025 1659 3093 nata
1712 3018 1899 3092 urbe
1932 3017 2027 3091 ad
2068 3016 2380 3111 libitum,
2415 3017 2592 3089 dum
2633 3014 2966 3090 tenderet
2997 3015 3071 3088 in
3109 3014 3524 3109 Hispaniam
3569 3022 3826 3089 contra

1484 3145 1641 3214 tres
1692 3139 1971 3235 legatos
2036 3136 2572 3233 potentissimos
2632 3135 2954 3229 Pompei,
3005 3153 3150 3208 non
3215 3133 3610 3210 retardavit
3659 3134 3826 3227 iter,

1488 3260 1653 3336 licet
1726 3258 2028 3333 Massilia
2110 3257 2682 3354 pertinacissimo
2747 3254 3120 3331 clauderet
3197 3256 3329 3330 sibi
3411 3262 3678 3350 portaS,
3757 3263 3830 3330 et

1488 3400 1781 3456 summa
1846 3377 2085 3475 inopia
2146 3377 2558 3454 retardaret
2605 3394 2823 3470 eum3
2887 3375 3081 3451 unde
3143 3374 3396 3451 relicto
3446 3372 3676 3450 Bruto
3732 3374 3823 3450 ad

1488 3501 1939 3576 obsidionem
1966 3497 2314 3591 Massiliae,
2343 3498 2710 3593 profectus
2744 3496 2818 3571 in
2851 3495 3264 3592 Hispaniam
3303 3496 3376 3569 in
3411 3496 3615 3571 brevi
3649 3497 3829 3570 sub·-

1488 3621 1638 3718 egit
1690 3621 1959 3695 omnia.
2019 3620 2206 3696 Dicit
2267 3639 2448 3716 ergo
2515 3619 2702 3692 alter
2766 3618 3062 3692 illorum
3129 3617 3450 3691 duorum
3502 3618 3830 3692 claman-

1490 3741 1716 3814 tium:
1766 3761 1806 3815 ε
1860 3743 2139 3832 cesare,
2192 3737 2484 3832 scilicet,
2537 3737 2791 3832 Julius,
2840 3757 3067 3830 punse
3104 3739 3456 3826 Mamilia,
3501 3757 3670 3830 quae
3717 3743 3831 3813 est

1486 3863 1741 3938 civitas
1792 3862 1866 3936 in
1916 3859 2288 3957 provincia
2337 3854 2811 3952 Narbonensi,
2849 3877 3016 3933 nam
3070 3858 3336 3932 dimisit
3375 3857 3472 3930 ibi
3507 3859 3819 3960 Brutum

1487 3983 1560 4057 in
1600 3981 1995 4076 obsidione,
2026 3981 2119 4056 de
2144 3981 2358 4055 cuius
2384 3979 2686 4055 victoria
2714 3978 2998 4052 dicetur
3022 3978 3343 4052 Paradisi
3359 3977 3688 4071 capitulo
3704 3978 3831 4072 lx,

1486 4125 1523 4177 e
1576 4107 1704 4197 poi
1764 4123 1965 4176 corse
2010 4105 2087 4175 in
2137 4105 2476 4194 Ispayna,
2527 4099 2732 4192 idest,
2785 4096 3242 4174 velocissime
3282 4097 3433 4191 ivit,
3474 4117 3610 4189 per
3657 4115 3830 4190 soq-

1485 4227 1747 4316 9iu9ar
1796 4225 2062 4314 Ilerda,
2113 4241 2284 4316 quae
2333 4227 2444 4297 est
2493 4219 2746 4295 civitas
2797 4219 2868 4292 in
2920 4219 3258 4313 Hispania
3301 4219 3641 4314 citeriori,
3697 4219 3821 4293 uhi

1487 4351 1700 4420 erant
1753 4344 2081 4418 Petreius
2130 4348 2205 4417 et
2253 4341 2591 4416 Afranius
2641 4337 2866 4414 duces
2897 4329 2970 4431 (²)
3026 4339 3346 4434 Pompei,
3385 4359 3570 4433 quos
3619 4353 3832 4414 com-

1488 4465 1667 4560 pulit
1716 4445 2298 4538 ad'deditionem
2360 4481 2493 4557 per
2557 4459 2785 4554 sitim3
2849 4465 2922 4534 et
2989 4459 3336 4534 continuo
3403 4459 3638 4533 Varro
3700 4457 3823 4553 qui

1488 4591 1650 4659 erat
1700 4583 1773 4656 in
1839 4582 2169 4657 ulteriori
2234 4581 2569 4676 Hispania
2634 4585 2890 4675 sponte
2947 4600 3028 4655 se
3065 4569 3138 4672 (³)
3208 4578 3495 4654 dedidit.
3567 4579 3654 4650 Et
3715 4578 3830 4652 hic

1490 4710 1685 4798 nota,
1738 4704 1987 4797 lector,
2041 4702 2238 4797 quod
2290 4701 2577 4774 nullum
2641 4701 3063 4795 exemplum
3129 4705 3418 4795 poterat
3463 4699 3837 4774 adducere

1490 4830 1705 4920 poeta
1758 4824 1993 4918 magis
2042 4821 2460 4918 proprium:
2497 4821 2668 4915 quia
2727 4821 2972 4895 nullus
3023 4838 3352 4915 unquam
3407 4820 3833 4894 mortalium

1616 5007 1673 5072 (¹)
1704 5009 1765 5060 Ε.
1799 5009 2035 5059 arcebant
2065 4982 2467 5072 improperium.
2839 5007 2893 5070 (η
2928 5009 2989 5060 Β.
3023 5009 3268 5059 auctores
3299 4987 3532 5070 Pompei.

1617 5086 1671 5151 (·)
1702 5087 1763 5139 Β.
1796 5101 1851 5138 se
1884 5086 1963 5137 ini
1996 5087 2206 5137 dedidit.
