4392 6850
1483 965 1577 1032 92
2202 972 2613 1030 COMENTUM
2661 971 3103 1029 punononu

1479 1139 1613 1216 per
1662 1118 2112 1195 intellectum
2163 1119 2600 1212 humanum,
2652 1138 2799 1191 non
2864 1124 3237 1192 noverunt
3286 1117 3531 1194 omnia
3602 1117 3823 1193 etiam

1477 1239 1554 1315 in
1604 1239 1806 1336 puris
1865 1238 2349 1336 naturalibus,
2416 1245 2491 1314 et
2555 1239 2791 1313 multo
2852 1239 3097 1313 minus
3165 1239 3241 1313 in
3308 1239 3589 1333 diviniS,
3652 1237 3825 1334 quia

1480 1380 1627 1433 non
1653 1353 1727 1452 (¹)
1782 1359 2257 1454 creationem,
2311 1379 2459 1434 non
2509 1359 3111 1454 incarnationem,
3153 1379 3301 1434 non
3342 1360 3827 1435 resurrectio-

1479 1499 1673 1554 nem.
1726 1479 1912 1555 Dicit
1961 1501 2182 1576 ergo:
2223 1503 2262 1554 e
2310 1483 2597 1573 vedaste,
2634 1480 2927 1575 scilicet,
2980 1501 3111 1554 vos
3146 1481 3479 1556 homines
3530 1481 3823 1556 novistis

1481 1602 1603 1690 ἰαί,
1653 1601 1945 1696 scilicet,
1997 1621 2303 1698 magnos
2353 1601 2836 1696 philosophOS‚
2871 1602 3125 1692 dis-iar,
3161 1600 3366 1696 idest,
3408 1601 3826 1677 desiderare

1481 1720 1669 1796 scire
1729 1729 1993 1816 totum,
2051 1743 2271 1796 senza
2314 1727 2563 1816 fracto,
2616 1721 2789 1814 quia
2839 1727 3013 1795 voto
3071 1721 3397 1796 frustrati
3450 1729 3643 1816 sunt,
3704 1722 3825 1795 clte

1478 1844 1756 1916 ser-ebbe
1794 1846 1907 1916 lor
1938 1846 2116 1916 disio
2157 1850 2454 1935 quetato,
2492 1843 2551 1916 si
2585 1843 2989 1939 potuissent
3028 1841 3274 1917 omnia
3309 1843 3499 1917 scire
3532 1863 3664 1938 per
3698 1863 3821 1917 ra-

1479 1963 1778 2057 tionem,
1841 1970 1916 2037 et
1975 1985 2120 2038 non
2180 1963 2435 2038 fuisset
2502 1963 2911 2038 necessaria
2979 1962 3196 2058 fides3
3268 1963 3393 2037 sed
3462 1963 3820 2066 sapientes

1479 2083 1674 2158 stulti
1727 2085 2000 2159 inventi
2051 2090 2244 2179 sunt,
2304 2085 2469 2160 ideo
2532 2083 2749 2159 dicit:
2808 2087 2953 2175 che,
3014 2083 3221 2175 idest,
3284 2085 3481 2178 quod
3538 2085 3819 2160 deside-

1478 2204 1670 2279 rium
1727 2212 1800 2280 et
1851 2207 2213 2300 appetitus
2264 2204 2536 2280 sciendi
2585 2205 2831 2279 omnia
2885 2203 3001 2278 via
3054 2204 3390 2299 naturali,
3427 2204 3469 2279 e*
3503 2207 3670 2279 dato
3710 2208 3820 2279 lor

1465 2347 1602 2420 per
1651 2331 1843 2418 lutto,
1875 2327 2100 2420 idest,
2153 2334 2266 2401 est
2316 2346 2753 2401 conversum
2808 2323 2943 2398 illis
2968 2316 3043 2417 (²)
3086 2325 3158 2398 in
3200 2324 3598 2419 planctum,
3642 2333 3820 2400 eter-

1476 2451 1844 2539 nalmente,
1891 2446 2062 2541 quia
2115 2445 2561 2522 aeternaliter
2594 2453 2765 2520 sunt
2798 2445 3056 2541 privati
3097 2443 3373 2520 visione
3406 2445 3560 2540 Dei,
3596 2464 3817 2541 quem

1477 2587 1770 2662 semper
1819 2567 2204 2662 suspirant.
2246 2567 2335 2639 Et
2369 2565 2695 2640 declarat
2726 2564 3068 2661 Virgilius
3104 2565 3232 2659 qui
3267 2565 3541 2639 fuerint
3580 2565 3693 2640 isti
3728 2566 3829 2650 de,

1478 2689 1744 2783 quibus
1795 2688 2141 2782 loquitur,
2204 2686 2491 2761 dicens:
2558 2689 2630 2760 io
2688 2687 2845 2759 dico
2905 2688 3353 2759 &Aristotele
3388 2707 3427 2756 e
3477 2689 3553 2760 di
3593 2689 3813 2760 Plau).

1475 2810 1562 2883 Et
1613 2810 1728 2883 hic
1781 2817 1975 2902 nota,
2011 2809 2262 2904 lector,
2302 2808 2498 2901 quod
2534 2817 2748 2902 poeta
2784 2815 3034 2881 noster
3076 2827 3369 2902 semper
3419 2814 3493 2882 et
3544 2807 3817 2902 ubique

1474 2928 1846 3024 praemittit
1905 2927 2363 3002 Aristotelem
2419 2927 2738 3020 Platoni3
2800 2924 2999 3001 unde
3056 2925 3130 3000 in
3194 2926 3479 3002 inferno
3530 2929 3817 3004 vocavit

1475 3067 1652 3122 eum
1708 3046 2142 3144 magistrum
2197 3047 2582 3140 scientum,
2628 3054 2702 3121 et
2751 3047 3129 3121 Platonem
3164 3053 3239 3121 et
3272 3047 3647 3123 Socratem
3686 3071 3815 3144 po—

1474 3168 1617 3241 suit
1669 3167 2224 3262 propinquiores
2276 3167 2371 3240 illi
2425 3174 2500 3241 et
2538 3166 2825 3260 merim,
2888 3167 3059 3262 quia
3112 3167 3529 3242 Aristoteles
3590 3169 3815 3244 extir—

1471 3287 1672 3383 pavit
1721 3307 2014 3362 errores
2048 3287 2406 3382 omnium,
2460 3293 2535 3361 et
2564 3277 2637 3378 (³)
2692 3285 3073 3362 veritatem
3118 3287 3465 3363 latentem
3514 3288 3654 3363 sub
3704 3295 3813 3363 te-

1474 3407 1700 3483 nebra
1757 3407 2182 3504 ignorantiae
2232 3405 2536 3493 adduxit
2568 3406 2643 3481 in
2683 3405 2963 3503 lucem3
3008 3428 3145 3482 nec
3190 3430 3521 3502 unquam
3574 3407 3811 3484 inveni

1469 3528 1792 3622 aliquem
1863 3547 2217 3624 magnum
2278 3526 2660 3625 physicum
2721 3528 2846 3622 qui
2912 3528 3050 3601 hoc
3112 3528 3508 3625 negaverit.
3578 3528 3815 3624 Aliqui

1475 3660 1723 3724 tamen
1779 3648 2022 3745 magni
2077 3648 2393 3723 morales
2444 3656 2519 3723 et
2576 3648 2903 3723 catholici
2958 3648 3355 3743 praeferunt
3415 3650 3813 3743 Platonem,

1476 3772 1664 3846 sicut
1723 3770 1978 3845 Cicero
2037 3770 2164 3863 qui
2227 3774 2439 3843 vocat
2489 3769 2865 3843 Platonem
2927 3769 3147 3843 deum
3217 3770 3811 3865 philosophorum

1469 3890 1992 3966 commendans
2041 3888 2501 3962 Aristotelem
2555 3887 2771 3963 dicit:
2833 3889 3207 3962 Platonem
3272 3908 3563 3983 semper
3614 3888 3812 3964 exci-

1467 4010 1609 4107 pio.
1648 4010 1733 4083 Et
1766 4008 2219 4105 Augustinus
2270 4008 2395 4102 qui
2448 4008 2782 4102 sequitur
2830 4008 3147 4082 Tullium
3185 4007 3377 4082 idem
3413 4008 3604 4103 dicit,
3642 4008 3811 4103 quia

1467 4130 1656 4206 dicta
1694 4130 2010 4204 Platonis
2046 4137 2219 4203 sunt
2264 4129 2494 4224 magis
2543 4128 3018 4203 accommoda
3050 4116 3123 4219 (⁴)
3181 4128 3343 4203 fidei
3380 4130 3808 4205 christianae.

1465 4250 1554 4326 Et
1603 4251 1959 4326 Calcidius
1995 4256 2533 4325 commentator
2567 4248 2882 4323 Platonis
2926 4248 3094 4323 dicit
3146 4250 3343 4343 quod
3394 4250 3813 4327 Aristoteles

1467 4392 1602 4447 suo
1638 4371 1956 4467 quodam
2000 4390 2215 4471 more
2249 4368 2437 4464 pleni
2478 4368 2929 4464 perfectique
2961 4368 3319 4465 dogmatis
3354 4371 3585 4445 electo
3613 4372 3811 4464 quod

1465 4494 1702 4565 visum
1741 4492 1853 4585 sit,
1889 4498 2156 4565 caetera
2200 4489 2563 4564 fastidiosa
2599 4489 2878 4563 incuria
2918 4489 3235 4587 negligit.
3284 4488 3627 4567 Similiter
3658 4494 3811 4567 Ma-

1463 4612 1757 4687 crobius
1784 4617 2322 4686 commentator
2340 4610 2549 4684 Tullii
2578 4612 2741 4705 plus
2768 4611 3235 4685 commendat
3253 4611 3652 4685 Platonem.
3672 4612 3812 4687 Sed

1464 4739 1666 4808 certe
1702 4754 1845 4806 non
1878 4732 2092 4807 video
2127 4752 2363 4825 quare
2404 4731 2567 4805 libri
2618 4730 2936 4804 Platonis
2972 4751 3117 4805 non
3154 4738 3325 4805 sunt
3350 4732 3449 4805 ita
3486 4734 3811 4807 translati

1463 4854 1556 4929 ad
1612 4874 1764 4945 n05,
1801 4873 1946 4926 non
1997 4854 2371 4949 leguntur,
2427 4872 2574 4926 non
2613 4852 3047 4949 allegantur,
3085 4871 3255 4926 cum
3298 4859 3543 4926 tamen
3596 4853 3805 4927 multi

1591 5040 1644 5103 (¹)
1677 5040 1737 5089 E.
1771 5040 1891 5103 quia
1923 5054 2028 5090 non
2059 5040 2431 5090 intellexerunt
2460 5040 2795 5092 creationem.
2920 5040 2976 5103 (¹)
3013 5044 3119 5099 1¹7,
3152 5042 3207 5090 in
3239 5040 3357 5091 illis.

1593 5117 1646 5182 (⁸)
1679 5116 1742 5166 E.
1775 5120 1829 5166 et
1860 5115 2077 5168 virtutes
2110 5116 2347 5167 latentes.
2921 5116 2974 5180 (⁴)
3006 5115 3057 5166 S.
3090 5130 3121 5167 e
3154 5116 3216 5167 Ε.
3250 5116 3653 5169 accommodata.
