4392 6850
1464 892 1606 961 336
2183 898 2591 953 conum-uu
2642 896 3077 953 ruueuonu

1460 1068 1652 1121 come
1707 1049 1734 1120 i
1791 1046 1970 1137 fioli,
2037 1042 2164 1137 qui
2232 1042 2531 1144 fuerunt
2591 1042 2761 1135 duc,
2822 1041 3118 1136 scilicet,
3181 1042 3663 1117 Adramelech
3730 1048 3799 1115 et

1459 1168 1826 1259 Sarrasar,
1877 1168 1941 1238 si
1969 1166 2259 1257 yittam,
2292 1184 2466 1238 cum
2512 1162 2813 1257 impetu,
2862 1184 3085 1255 sopra
3134 1164 3623 1255 Sennacherib,
3676 1182 3800 1257 pa-

1461 1294 1654 1361 trem
1705 1306 1952 1378 suum,
2001 1288 2250 1357 dentro
2298 1286 2426 1357 dal
2472 1286 2766 1377 tempio,·
2819 1284 2959 1357 hoc
3009 1283 3143 1357 fuit
3176 1284 3249 1357 in
3302 1284 3583 1359 famosa
3625 1282 3798 1357 civi-

1463 1413 1612 1481 tate
1659 1404 1916 1480 Ninive
1965 1404 2040 1478 in
2091 1403 2365 1499 templo
2414 1402 2545 1479 Dei
2596 1402 2735 1497 sui,
2802 1402 2928 1497 qui
2990 1403 3371 1479 dicebatur
3422 1404 3799 1497 Nesareth,

1459 1549 1498 1601 e
1544 1548 1735 1601 come
1783 1532 2010 1599 morto
2059 1528 2158 1598 lui
2214 1528 2403 1617 qwivi
2448 1527 2803 1618 lasciaro;
2853 1530 2927 1599 et
2976 1524 3328 1620 sugerunt
3390 1525 3463 1599 in
3522 1532 3793 1600 terram

1461 1649 1708 1722 Arath.
1761 1648 1851 1721 Et
1899 1646 2002 1721 sic
2051 1645 2218 1719 vide
2251 1644 2623 1739 quomodo
2660 1644 2769 1721 ira
2802 1644 2935 1720 Dei
2971 1645 3380 1721 fulminavit
3417 1646 3641 1720 istum
3674 1666 3801 1719 su-

1460 1769 1775 1865 perbum
1828 1768 2337 1860 blasphemum
2392 1766 2651 1841 fortius
2702 1786 2927 1860 quam
2980 1765 3429 1860 Capaneum,
3472 1773 3548 1841 et
3600 1766 3799 1840 exal-

1461 1888 1641 1963 tavit
1691 1886 2046 1963 humilem
2099 1884 2513 1979 Ezechiam,
2562 1886 2657 1960 de
2707 1906 2855 1979 quo
2906 1883 3189 1959 dicetur
3243 1884 3529 1980 plenius
3576 1886 3800 1959 Para-

1461 2008 1592 2083 disi
1657 2006 1972 2101 capitulo
2040 2004 2194 2078 XX.
2231 2046 2331 2059 —
2370 2010 2754 2078 Mostrava.
2818 2005 2945 2078 Hic
3005 2011 3221 2099 poeta
3288 2004 3517 2101 tangit
3576 2004 3795 2077 alium

1460 2134 1710 2203 actum
1745 2127 1912 2201 altae
1945 2126 2309 2221 superbiae
2336 2135 2411 2201 et
2438 2124 2923 2200 miserabilem
2964 2125 3333 2200 effectum.
3364 2124 3470 2199 Ad
3506 2124 3705 2219 quod
3726 2118 3797 2215 (¹)

1463 2248 1862 2341 sciendum,
1913 2247 2111 2341 quod
2161 2246 2397 2343 Cyrus
2432 2246 2526 2320 ab
2563 2244 2855 2319 infantia
2896 2246 3117 2341 impie
3155 2247 3527 2341 expositus
3578 2266 3805 2340 opera

1462 2369 1579 2443 avi
1632 2368 1744 2442 sui
1798 2367 2126 2463 Astiagis,
2165 2366 2282 2461 pie
2322 2368 2633 2440 lactatus
2680 2388 2727 2441 a
2778 2386 2983 2459 cane,
3034 2365 3265 2441 victor
3314 2366 3433 2440 avi
3486 2365 3800 2440 materni

1465 2490 1699 2564 factus
1764 2468 2305 2583 potentissimus
2365 2505 2495 2559 rex
2564 2506 2978 2581 persarum,
3028 2485 3194 2559 Asia
3258 2485 3669 2582 subiugata,
3732 2491 3807 2559 et

1467 2609 1812 2683 universo
1853 2607 2138 2682 oriente
2179 2607 2253 2681 in
2285 2612 2717 2701 potestatem
2754 2626 2965 2680 suam
3012 2606 3331 2699 redacto,
3370 2605 3613 2679 intulit
3645 2605 3803 2679 bel-

1465 2728 1622 2801 lum
1675 2725 1964 2824 scythiS,
2001 2747 2323 2821 quorum
2368 2726 2623 2822 regina
2656 2726 3016 2800 Thamiris
3050 2724 3243 2799 misit
3278 2724 3505 2799 filium
3532 2726 3805 2820 juven-

1467 2849 1722 2924 culum
1755 2853 2012 2922 contra
2047 2846 2326 2941 ipsum3
2363 2866 2513 2940 quo
2546 2844 2907 2919 debellato
2933 2852 3007 2920 et
3032 2844 3297 2939 occiso,
3332 2844 3583 2941 regina
3602 2845 3801 2940 justa

1466 2968 1576 3042 ira
1627 2968 1952 3043 fremens
2001 2986 2227 3061 super
2286 2973 2603 3041 mortem
2670 2966 3020 3062 unigeniti
3083 2965 3205 3039 filii
3272 2964 3408 3060 sui,
3470 2966 3801 3040 dolorem

1464 3088 1796 3163 orbitatis
1847 3110 1992 3162 non
2042 3087 2299 3163 effudit
2346 3088 2421 3161 in
2474 3088 2857 3184 lacrymaS‚
2908 3086 3037 3161 sed
3096 3087 3435 3162 solatium
3490 3088 3799 3162 ultionis,

1463 3210 1660 3305 Ergo
1709 3209 1954 3283 hostes
2005 3207 2278 3283 recenti
2332 3207 2634 3283 victoria
2668 3207 3083 3283 exultantes
3127 3208 3613 3283 circumvenit
3646 3207 3803 3303 pari

1465 3329 1758 3424 fraude3
1813 3349 1982 3402 nam
2037 3328 2455 3424 compositis
2515 3328 2780 3402 insidiis
2838 3327 2911 3401 in
2978 3328 3349 3403 montibus
3416 3328 3803 3403 trucidavit

1464 3449 1778 3524 ducenta
1831 3448 2052 3524 millia
2103 3469 2487 3544 persarum
2542 3469 2714 3524 cum
2769 3449 2923 3544 ipso
2975 3470 3175 3546 rege,
3225 3457 3301 3524 et
3356 3456 3576 3545 caput
3637 3449 3801 3546 Cyri

1465 3575 1888 3644 truncatum
1941 3591 1987 3644 a
2038 3589 2353 3664 corpore
2404 3568 2773 3643 mandavit
2824 3569 3163 3666 immergi
3217 3570 3288 3642 in
3342 3578 3585 3646 utrem
3638 3593 3805 3644 san-

1463 3689 1690 3786 guine
1739 3691 2036 3785 plenum
2088 3711 2259 3764 cum
2314 3689 2451 3765 ista
2470 3690 3090 3786 exprobratione:
3139 3695 3419 3766 Saliare
3464 3696 3804 3784 sanquine

1465 3830 1662 3902 quem
1725 3813 1946 3900 sitisti,
2015 3817 2084 3884 et
2147 3814 2339 3884 cuius
2404 3811 2814 3884 insatiabilis
2886 3832 3160 3904 semper
3227 3814 3479 3906 fuisti5
3549 3819 3627 3886 et
3704 3811 3803 3886 sic

1463 3929 1880 4025 superbiam
1952 3929 2286 4004 omnium
2351 3931 2720 4004 victricem
2784 3951 3049 4004 manus
3114 3930 3457 4008 foeminea
3509 3931 3682 4007 vicit
3730 3937 3803 4006 et

1463 4049 1700 4146 fregit.
1751 4049 1860 4124 Ad
1909 4050 2196 4128 literam
2248 4071 2470 4146 ergo;
2522 4050 2692 4124 dicit
2744 4057 3002 4144 poeta:
3069 4049 3244 4124 illud
3298 4051 3797 4146 pavimentum

1463 4170 1764 4264 durum,
1813 4178 2203 4263 mostrava,
2254 4171 2525 4246 scilicet
2572 4170 2668 4244 ibi
2736 4170 3161 4266 figuratum,
3222 4174 3297 4246 ta
3355 4175 3596 4264 ruina,
3664 4172 3801 4246 sci-

1462 4288 1650 4391 licet,
1703 4298 2028 4386 stragem
2082 4299 2158 4366 et
2207 4291 2481 4366 caedem
2543 4311 2887 4388 magnam
2949 4291 3343 4386 exercitus,
3406 4314 3444 4365 e
3478 4294 3527 4366 ’l
3582 4296 3801 4367 crudo

1462 4413 1787 4504 scempio,
1836 4411 2040 4504 idest,
2092 4420 2167 4487 et
2218 4411 2637 4506 exemplum
2691 4411 2989 4510 crudele
3042 4433 3185 4486 non
3256 4412 3628 4507 imitabile,
3686 4415 3803 4486 che

1457 4534 1530 4624 fe
1605 4533 1896 4622 Tamiri,
1974 4532 2229 4628 regina
2310 4537 2783 4626 tartarorum,
2865 4535 3153 4624 quando
3228 4535 3412 4607 disse
3484 4554 3531 4606 a
3614 4535 3803 4623 Ciro,

1465 4651 1985 4744 superbissimo
2037 4651 2192 4748 regi
2249 4672 2675 4746 persarum:
2726 4673 2994 4744 satique
3028 4655 3252 4743 sitisti,
3292 4650 3497 4746 idest,
3542 4651 3803 4726 habui-

1464 4769 1551 4842 sti
1629 4769 1820 4844 sitim
1897 4778 1971 4846 et
2027 4771 2427 4866 appetitum
2490 4771 2794 4846 humani
2854 4772 3229 4869 sanguinis
3288 4763 3799 4866 effudendi(²);

1587 5027 1642 5092 (⁸)
1675 5025 1735 5078 E.
1767 5027 1854 5078 Ad
1887 5029 2026 5092 quod
2058 5031 2204 5090 scias,
2238 5031 2397 5096 quod.
2802 5031 2854 5092 (¹)
2886 5031 2937 5082 S.
2968 5031 3279 5084 effundendi.
