4392 6850
1377 953 1658 1008 CANTUS
1705 952 2092 1009 SECUNDUS.
2811 939 2901 1006 53

555 1103 671 1176 lus
723 1102 844 1178 ille
908 1101 1037 1196 qui
1101 1101 1450 1176 terminat
1511 1100 1829 1196 spatium
1895 1100 2122 1176 nostri
2184 1100 2407 1194 visuS,
2468 1099 2653 1177 idest
2709 1102 2905 1175 ultra

561 1244 788 1318 quem
841 1223 1040 1297 visus
1089 1221 1383 1297 extendi
1433 1241 1580 1296 non
1630 1228 1888 1317 potest.
1929 1221 2066 1296 Ubi
2113 1221 2311 1296 enim
2355 1221 2645 1297 videtur
2696 1220 2903 1296 nobis

564 1347 840 1422 ooelum
901 1343 1246 1438 coniungi
1305 1343 1434 1438 ipsi
1507 1348 1748 1437 terrae,
1811 1343 2131 1439 intellige
2180 1343 2579 1437 quamdam
2632 1343 2899 1416 lineam

569 1466 688 1560 ibi,
735 1485 902 1559 quae
943 1463 1044 1538 ita
1085 1482 1179 1538 ex
1227 1463 1432 1538 omni
1484 1470 1694 1558 parte
1737 1462 2241 1538 circumdatur
2288 1463 2669 1558 aequaliter
2718 1482 2909 1556 quo-

569 1599 808 1679 usque
857 1583 1058 1658 visus
1107 1589 1356 1658 noster
1404 1582 1795 1678 pervenire
1843 1588 2112 1678 potest3
2165 1589 2239 1657 et
2302 1584 2459 1657 haec
2518 1584 2709 1658 linea
2766 1581 2910 1658 erit

569 1705 868 1780 horizon
917 1703 1332 1779 artificialis.
1367 1703 1507 1800 ‘Est
1557 1702 1752 1778 enim
1804 1703 1992 1777 alius
2032 1702 2337 1778 horizon
2370 1704 2745 1798 naturaliS,
2796 1704 2909 1778 vi·-

567 1824 832 1900 delicet
879 1825 1000 1901 ille
1049 1825 1178 1919 qui
1226 1825 1480 1919 jacens
1529 1824 1742 1918 juxta
1803 1824 2016 1898 litora
2075 1830 2297 1898 terrae
2357 1823 2604 1899 dividit
2654 1823 2909 1900 firma-

569 1951 910 2022 mentum
946 1945 1019 2019 in
1051 1944 1574 2040 hemisperium
1611 1944 1948 2040 superius
1983 1951 2058 2018 et
2089 1944 2391 2019 inferius
2426 1951 2627 2019 recto
2664 1945 2907 2038 mod0,

567 2074 648 2142 et
695 2066 836 2142 iste
883 2064 1230 2140 naturalis
1279 2063 1582 2139 horizon
1631 2066 1901 2140 variari
1951 2086 2100 2140 non
2149 2071 2405 2160 potest.
2440 2065 2907 2141 Artificialem

567 2207 774 2280 vero,
811 2205 1036 2280 quem
1061 2183 1192 2259 sibi
1219 2183 1428 2280 fingit
1459 2185 1995 2280 unusquisque,
2031 2185 2267 2260 variat
2300 2184 2707 2260 secundum
2746 2206 2911 2260 mo-

567 2313 728 2382 tum
781 2304 974 2379 illius
1021 2303 1118 2378 ab
1168 2323 1318 2376 uno
1370 2304 1532 2379 loco
1580 2304 1656 2378 in
1705 2305 1956 2380 alium.
2001 2306 2162 2383 Non
2213 2305 2409 2380 enim
2460 2311 2697 2400 potest
2751 2325 2911 2379 mo·—

564 2445 748 2502 vere
799 2424 1058 2520 pedem
1110 2422 1184 2497 in
1235 2429 1452 2500 antea
1506 2425 1622 2500 vel
1684 2431 1906 2519 retro,
1951 2425 2128 2519 quin
2180 2425 2507 2500 varietur
2560 2425 2679 2500 ille
2730 2447 2913 2499 suus

511 2581 520 2590 ·
565 2545 874 2620 horizon
925 2564 1015 2619 ex
1068 2565 1218 2620 una
1269 2545 1540 2620 scilicet
1587 2553 1798 2642 parte
1846 2546 2264 2641 crescendo,
2318 2566 2409 2620 ex
2463 2548 2605 2622 alia
2654 2547 2912 2623 decre-

567 2665 861 2742 scendo.
913 2665 992 2738 In
1019 2656 1095 2757 (¹)
1147 2665 1516 2760 proposito
1565 2685 1746 2762 ergo
1791 2674 2006 2760 poeta
2040 2667 2367 2762 loquitur
2403 2668 2495 2742 de
2536 2667 2915 2744 horizonte

570 2787 912 2880 naturali,
965 2806 1114 2860 non
1163 2785 1256 2861 de
1303 2786 1677 2862 artificiali.
1731 2785 2068 2862 Secundo
2111 2794 2285 2862 nota
2335 2809 2559 2884 super
2607 2790 2728 2864 illo
2782 2809 2915 2864 vo-

575 2908 841 2984 cabulo
892 2906 1364 3001 meridianu8‚
1416 2907 1613 3000 quod
1669 2906 2114 2982 meridianus
2179 2908 2403 2982 habet
2468 2908 2735 2983 variari
2800 2927 2915 2983 se-

574 3028 902 3105 cundum
952 3026 1450 3103 diversitatem
1503 3027 2032 3102 habitantium:
2085 3027 2533 3102 meridianus
2567 3029 2761 3102 enim
2804 3036 2917 3104 est

576 3148 919 3244 quaedam
969 3147 1162 3222 linea
1211 3146 1694 3244 intelligibilis,
1745 3167 1914 3241 quae
1963 3146 2211 3222 dividit
2248 3147 2797 3222 firmamentum
2841 3147 2917 3220 in

571 3275 784 3364 parte
832 3269 956 3344 illa
1005 3268 1084 3342 in
1132 3289 1282 3362 qua
1329 3268 1437 3344 sol
1489 3267 1868 3363 aequaliter
1931 3267 2146 3342 distat
2207 3267 2304 3341 ab
2366 3267 2649 3343 oriente
2698 3273 2775 3342 et
2822 3267 2919 3341 ab

572 3389 952 3465 occidente
1002 3393 1340 3485 respectu
1406 3387 1670 3463 nostri:
1737 3394 2028 3463 certum
2096 3392 2207 3463 est
2267 3386 2489 3483 enim,
2550 3387 2747 3483 quod
2810 3395 2921 3463 est

574 3510 920 3605 quaedam
968 3510 1150 3584 hora
1201 3508 1366 3604 diei,
1417 3509 1494 3583 in
1544 3528 1692 3602 qua
1740 3509 1850 3582 sol
1899 3513 2012 3583 est
2067 3506 2168 3582 ita
2228 3528 2451 3603 super
2500 3508 2733 3604 capita
2785 3529 2923 3583 no-

573 3638 753 3727 stra,
822 3630 1020 3724 quod
1084 3630 1466 3724 aequaliter
1531 3636 1642 3704 est
1701 3634 2030 3703 remotus
2091 3629 2188 3703 ab
2245 3635 2415 3702 ortu
2486 3635 2561 3703 et
2608 3648 2921 3724 occasu3

578 3726 810 3848 quem
859 3757 1106 3825 ortum
1161 3750 1316 3825 sive
1355 3770 1700 3825 occasum
1745 3750 1966 3824 habet
1997 3758 2359 3843 quantum
2396 3750 2491 3825 ad
2524 3770 2679 3845 noS‚
2716 3750 2921 3846 idest,

578 3871 990 3948 secundum
1059 3872 1259 3966 quod
1325 3870 1534 3945 nobis
1601 3869 1836 3944 oritur
1903 3870 2023 3944 vel
2088 3870 2369 3945 occidit.
2438 3872 2611 3945 Haec
2670 3878 2923 3945 autem

580 3994 768 4067 hora
819 3993 1230 4087 appellatur
1278 3990 1640 4085 meridieS,
1685 3989 1894 4084 quasi
1940 3990 2180 4065 media
2230 3990 2407 4086 dieS,
2458 3991 2631 4085 quia
2686 3992 2927 4067 media

579 4133 754 4209 pars
802 4111 944 4187 diei
996 4112 1368 4208 praeteriit,
1421 4117 1494 4186 et
1546 4110 1782 4185 media
1834 4110 2082 4185 futura
2146 4117 2259 4185 est
2282 4100 2381 4203 (²).
2447 4112 2683 4186 Debes
2745 4131 2925 4208 ergo

583 4232 868 4329 fingere
916 4232 994 4305 in
1051 4230 1301 4307 animo
1363 4230 1764 4325 quamdam
1825 4230 2093 4305 lineam
2151 4230 2697 4327 intelligibilem,
2758 4250 2927 4326 quae

583 4352 1142 4427 firmamentum
1206 4350 1496 4445 dividat,
1558 4348 1685 4424 ubi
1735 4351 1844 4425 sol
1894 4350 1968 4424 in
2035 4350 2161 4424 tali
2226 4352 2409 4427 hora
2458 4351 2598 4427 diei
2649 4350 2929 4427 inveni-

585 4480 756 4566 tur3
810 4479 887 4547 et
934 4473 1093 4547 haec
1144 4470 1336 4547 linea
1383 4470 1650 4545 dicitur
1701 4469 2022 4545 circulus
2071 4470 2543 4566 meridianuS,
2596 4472 2723 4567 qui
2784 4471 2929 4547 oir-

583 4594 797 4669 eulus
831 4593 1054 4669 habet
1086 4592 1356 4668 variari
1388 4591 1795 4667 secundum
1831 4591 2329 4666 diversitatem
2372 4592 2925 4667 habitationum.
3000 4656 3009 4664 .

581 4716 746 4790 Non
795 4714 992 4791 enim
1045 4732 1304 4788 omnes
1352 4718 1608 4810 gentes
1659 4711 1922 4787 eodem
1973 4710 2194 4785 modo
2245 4712 2403 4785 sitae
2454 4721 2645 4808 sunt,
2690 4716 2807 4789 vel
2854 4713 2929 4787 in

712 4932 767 4994 (²)
800 4932 860 4983 Ε.
895 4932 1055 4984 Modo
1083 4933 1149 4983 ad
1181 4936 1534 5003 propositum:
1568 4945 1712 4996 ergo.
2862 4982 2872 4993 ,

711 5008 768 5072 (⁸)
800 5008 896 5060 Nol
928 5008 1114 5061 Codice
1147 5013 1238 5061 11⁷
1271 5011 1492 5060 termina
1524 5010 1612 5074 qui
1644 5010 1694 5059 la
1727 5010 1892 5072 prima
1925 5012 2072 5072 parte
2105 5006 2190 5059 del
2212 5008 2461 5060 Comento
2482 5008 2532 5059 di
2550 5014 2731 5073 questo
2751 5010 2929 5075 Canto,

593 5085 952 5149 prmguendo
983 5100 1084 5137 eon
1115 5086 1166 5137 h
1195 5086 1450 5139 nomnen
1483 5086 1582 5138 Νσί
1610 5100 1822 5137 eranam
1851 5098 1930 5137 ec.
