4392 6850
1441 963 1716 1019 CANTus
1764 963 2097 1030 Qumws.
2796 953 2933 1022 143

589 1110 787 1186 fama
839 1117 968 1185 tua
1011 1131 1158 1184 non
1211 1109 1654 1206 praedicatur
1693 1110 1788 1184 ab
1827 1109 2037 1183 aliis?
2072 1116 2147 1185 et
2201 1118 2499 1206 reputas
2553 1118 2633 1184 tu
2684 1111 2811 1186 tibi
2844 1110 2938 1185 ad

590 1233 900 1330 gloriam
963 1231 1022 1305 si
1088 1231 1518 1305 monstraris
1575 1231 1800 1327 digito
1873 1231 1956 1303 in
2030 1233 2326 1327 populo,
2403 1238 2478 1307 et
2536 1231 2630 1307 de
2692 1239 2767 1306 te
2826 1230 2937 1306 di-

587 1359 805 1428 catur
855 1353 1042 1427 inter
1096 1352 1464 1426 homines:
1516 1351 1645 1425 Hic
1687 1356 1798 1425 est
1848 1350 2015 1425 ille?
2064 1352 2169 1425 Ad
2222 1353 2675 1447 propositum
2726 1371 2937 1449 ergo,

591 1475 750 1548 vult
800 1494 996 1547 nunc
1044 1472 1388 1568 Virgilius
1449 1472 1694 1547 dicere
1756 1472 2016 1546 Danti:
2081 1472 2455 1568 popularis
2516 1493 2723 1546 aurae
2794 1472 2939 1546 vile

592 1593 1037 1688 mancipium
1091 1612 1240 1666 non
1289 1599 1366 1666 te
1415 1598 1710 1666 moveat
1761 1590 1959 1688 vulgi
2013 1598 2317 1686 stupor3
2356 1613 2527 1665 nam
2568 1592 2829 1666 melius
2864 1599 2940 1666 et

589 1714 820 1788 tutius
869 1719 980 1788 est
1031 1712 1192 1789 fieri
1242 1714 1528 1787 clarum
1581 1713 1876 1807 virtute,
1915 1733 2138 1807 quam
2197 1712 2392 1787 sama
2445 1713 2722 1786 talium.
2778 1715 2935 1786 Non

589 1841 700 1910 est
751 1854 929 1908 vera
983 1833 1216 1906 virtus
1257 1831 1378 1906 cui
1411 1832 1910 1908 testimonium
1947 1832 2411 1907 conscientiae
2445 1854 2593 1907 non
2643 1833 2934 1908 sufficit.

589 1953 678 2026 Et
727 1953 850 2027 dat
898 1953 1239 2050 Virgilius
1291 1951 1648 2048 optimum
1703 1951 2088 2026 consilium
2160 1952 2395 2046 Danti,
2449 1953 2732 2027 dicens:
2786 1956 2943 2028 vien

593 2079 822 2150 dielro
871 2097 918 2147 a
967 2096 1100 2165 me,
1153 2074 1277 2168 qui
1328 2074 1525 2148 duco
1575 2080 1650 2147 te
1697 2073 1790 2147 ad
1855 2072 2231 2167 virtutem,
2284 2092 2429 2147 non
2489 2073 2579 2148 ad
2642 2073 2939 2148 inanem

591 2197 906 2293 gloriam
957 2195 1268 2270 istorum
1325 2194 1600 2287 vilium,
1655 2194 1865 2287 quasi
1917 2194 2156 2268 dicat:
2224 2194 2526 2268 consule
2581 2194 2941 2289 judicium

594 2317 915 2411 rationis,
954 2337 1102 2388 non
1135 2313 1362 2411 vulgi,
1399 2314 1470 2386 in
1507 2314 1994 2388 examinando
2031 2321 2136 2409 te;
2176 2314 2371 2389 unde
2406 2314 2613 2416 dicit:
2648 2337 2687 2387 e
2720 2318 2938 2388 lascia

595 2440 711 2512 dir
762 2440 826 2509 le
871 2440 1084 2528 qemi,
1137 2435 1476 2530 quotiens
1527 2442 1741 2530 putas
1793 2437 1932 2509 boc
1993 2435 2339 2510 accidisse
2400 2442 2651 2509 nostro
2711 2442 2945 2530 poetae

599 2556 776 2631 dum
850 2555 1197 2629 transiret
1266 2574 1398 2649 per
1463 2560 1702 2628 terras
1766 2554 2012 2649 Italiae,
2083 2556 2281 2649 quod
2348 2555 2543 2630 oculi
2610 2555 2944 2628 omnium

598 2676 1223 2751 convertebantur
1300 2675 1370 2748 in
1440 2695 1615 2749 eum
1694 2681 1769 2749 et
1843 2696 1976 2750 ora
2043 2675 2373 2750 omnium
2455 2675 2947 2768 loquebantur

601 2798 693 2872 de
742 2817 860 2891 e0,
909 2803 985 2871 et
1034 2797 1188 2891 ipse
1238 2796 1310 2868 in
1369 2795 1618 2870 animo
1682 2795 2180 2890 complacebat
2244 2794 2399 2867 sibi.
2452 2794 2621 2868 Ideo
2688 2801 2943 2868 contra

604 2925 908 2992 ventum
961 2918 1182 2990 istum
1235 2917 1442 2991 dicit:
1493 2919 1650 3008 sta',
1677 2936 1868 2988 come
1901 2923 2117 3007 torre,
2153 2920 2411 3010 fermO,
2448 2915 2718 2990 scilicet
2767 2935 2947 2990 con-

599 3046 796 3114 stans
845 3046 920 3114 et
969 3038 1196 3132 fortiS‚
1247 3041 1368 3110 che
1416 3059 1556 3110 non
1609 3040 1835 3110 crolla
1883 3040 2224 3128 qiammai
2274 3040 2347 3109 la
2396 3039 2603 3128 eima,
2639 3036 2825 3110 sicut
2862 3043 2943 3109 tu

603 3161 948 3235 volvebas
1000 3159 1220 3233 modo
1270 3165 1512 3255 caput,
1559 3180 1692 3251 per
1739 3161 1992 3252 soffiar
2049 3161 2125 3232 di
2177 3161 2387 3248 venti,
2438 3156 2641 3251 idest,
2691 3157 2947 3254 gloriae

602 3301 812 3355 vanae
864 3302 1032 3375 quae
1087 3286 1286 3355 recte
1335 3279 1778 3353 assimilatur
1831 3283 2074 3370 vento,
2120 3283 2202 3350 ut
2251 3277 2535 3351 dicetur
2587 3277 2815 3350 infra:
2869 3283 2945 3352 et

603 3401 924 3499 assignat
971 3420 1273 3475 causam
1329 3399 1439 3473 sui
1492 3399 1659 3473 dicti
1711 3398 2004 3474 dicens:
2058 3399 2177 3471 che
2226 3418 2500 3489 sempre
2548 3399 2592 3470 t
2620 3417 2825 3470 nomo
2875 3400 2947 3470 in

605 3527 716 3597 cui
735 3526 1019 3617 pensier-
1051 3524 1434 3614 rampolla,
1471 3520 1676 3615 idest,
1713 3520 2127 3616 repullulat,
2153 3539 2372 3612 sopra
2398 3520 2705 3611 pensier,
2741 3518 2949 3612 quasi

609 3641 845 3716 dicat:
899 3642 1194 3736 quando
1244 3641 1656 3736 cogitamen
1685 3633 1760 3731 (¹)
1816 3661 2090 3714 vanum
2151 3638 2477 3713 nascitur
2545 3658 2767 3733 supra
2826 3659 2955 3714 co-

613 3763 936 3859 gitamen
987 3763 1263 3836 bonum
1318 3761 1616 3854 impedit
1666 3760 2222 3854 acquisitionem
2259 3759 2506 3855 primi3
2548 3760 2710 3835 ideo
2745 3760 2948 3835 dicit:

613 3886 710 3957 da
760 3905 833 3957 se
883 3886 1172 3975 dilunya
1221 3885 1278 3956 il
1319 3902 1563 3973 seyne,
1624 3880 1830 3975 idest,
1891 3879 2112 3953 finem
2166 3878 2657 3975 principaliter
2717 3879 2956 3954 inten-

615 4010 802 4097 tum,
855 4002 1062 4096 quasi
1111 4001 1326 4097 dicat,
1379 4000 1612 4097 perdit
1683 3998 2163 4074 substantiam
2226 4019 2361 4095 pro
2413 3999 2829 4093 accidente3
2882 4005 2954 4073 et

613 4143 786 4197 ecce
839 4142 1116 4217 quare:
1162 4118 1420 4215 perche*
1465 4124 1539 4194 la
1592 4125 1797 4215 soya,
1849 4118 2052 4214 idest,
2105 4140 2473 4215 pressura,
2534 4120 2621 4193 de
2670 4122 2713 4192 l’
2740 4122 2955 4208 altre,

616 4242 907 4338 scilicet,
959 4242 1412 4340 cogitaminis
1463 4239 1898 4317 secundario
1947 4239 2419 4335 advenientis,
2459 4242 2715 4313 ins-olla
2763 4242 2807 4312 l’
2832 4260 2956 4330 tm,

616 4363 824 4458 idest,
860 4364 1118 4459 privat,
1153 4364 1274 4438 vel
1305 4362 1626 4437 debilitat
1661 4361 2008 4456 primum.
2029 4400 2128 4413 —
2153 4364 2287 4433 Che
2308 4368 2543 4453 polea.
2580 4360 2710 4434 Hic
2742 4366 2955 4454 poeta

620 4484 928 4559 ostendit
996 4504 1209 4559 suam
1279 4482 1548 4557 bonam
1619 4480 2153 4557 correctionem
2222 4480 2315 4555 ad
2383 4479 2954 4576 increpationem

618 4602 914 4701 Virgilii,
967 4603 1139 4698 quia
1191 4604 1358 4679 fecit
1412 4622 1622 4677 more
1672 4601 1843 4675 boni
1878 4600 2038 4695 viri,
2075 4599 2387 4694 quinon
2436 4601 2855 4697 indignatur
2888 4608 2965 4677 et

625 4746 770 4799 non
821 4724 1074 4799 nititur
1125 4743 1485 4799 excusare
1535 4742 1869 4797 errorem
1922 4743 2169 4814 suum,
2208 4722 2357 4796 imo
2410 4730 2841 4799 reverenter
2868 4730 2967 4799 et

627 4846 1028 4941 prudenter
1061 4843 1350 4919 subiicit
1399 4864 1480 4917 se
1531 4842 1966 4929 correctioni
2015 4848 2092 4917 et
2139 4849 2352 4939 paret
2400 4852 2786 4939 praeceptO.
2839 4846 2965 4919 Di-

747 5096 802 5160 (¹)
832 5097 898 5147 Ε.
929 5098 1217 5161 cogitamen
1249 5103 1487 5148 nostrum
1517 5112 1727 5149 vanum.
