4392 6850
1472 978 1615 1044 504
2184 986 2592 1040 commu
2643 982 3082 1039 PURGA‘ronu

1466 1138 1571 1209 tal
1616 1153 1891 1226 marca,
1940 1131 2146 1226 idest,
2182 1151 2330 1205 non
2369 1128 2668 1204 auditur
2719 1129 2793 1203 in
2845 1128 2980 1203 isto
3029 1125 3323 1202 mortali
3373 1126 3675 1201 mundo.
3723 1126 3813 1199 Et

1466 1252 1711 1328 subdit
1761 1251 2135 1348 quomodo
2188 1250 2496 1325 traxerit
2525 1242 2597 1343 (')
2643 1270 2795 1343 eOS,
2834 1256 2910 1323 et
2947 1268 3080 1345 per
3113 1268 3339 1343 quem
3391 1246 3663 1342 locum,
3697 1247 3810 1321 di-

1468 1392 1681 1449 cens:
1732 1375 1913 1446 colui
1961 1374 2081 1444 che
2112 1362 2173 1443 si
2204 1374 2586 1464 par-lonae,
2621 1368 2891 1444 scilicet
2936 1368 3266 1465 angelus,
3301 1371 3554 1441 vols-eci
3579 1372 3657 1441 in
3693 1390 3809 1459 su,

1471 1516 1729 1571 versus
1776 1493 2027 1581 altum,
2064 1498 2418 1585 montem,
2453 1512 2586 1565 con
2635 1494 2790 1564 rati
2837 1499 3101 1583 aperte,
3155 1490 3424 1585 quibus
3474 1489 3813 1584 portabat

1468 1614 1808 1712 gratiam,
1843 1616 1964 1686 cloe
1995 1632 2272 1705 parcan
2325 1614 2402 1685 di
2447 1614 2680 1703 cimw,
2714 1610 2926 1706 quasi
2958 1610 3171 1704 dicat,
3212 1610 3414 1685 albis.
3451 1611 3579 1683 Est
3613 1610 3810 1685 enim

1472 1754 1751 1831 cygnus
1800 1732 1957 1808 avis
1999 1732 2190 1825 alba,
2225 1752 2521 1825 canora,
2557 1732 2676 1806 cui
2715 1738 2918 1805 recte
2951 1729 3314 1805 similatur
3345 1732 3652 1827 angelus
3687 1752 3814 1807 ra-

1473 1858 1671 1933 tione
1727 1856 2098 1950 albediniS,
2160 1854 2335 1950 quia
2393 1862 2504 1931 est
2561 1876 2656 1951 pu
2669 1854 3017 1949 rissimuS,
3078 1859 3152 1927 et
3211 1854 3494 1929 ratione
3551 1861 3815 1929 cantus

1473 1978 1904 2071 suavissimi,
1948 1976 2076 2070 qui
2126 1982 2237 2050 est
2286 1976 2362 2048 in
2409 1975 2723 2071 angelo;
2775 1982 2892 2048 tra
2940 1978 2970 2048 i
3015 1976 3150 2047 due
3187 1978 3424 2066 parea·
3467 1978 3584 2049 del
3629 1976 3818 2047 duro

1474 2101 1821 2190 macian,
1873 2096 2077 2189 idest,
2132 2095 2312 2189 saxi,
2349 2096 2422 2168 in
2459 2115 2609 2190 quo
2643 2101 2807 2168 erat
2838 2100 3191 2169 excavata
3225 2095 3443 2189 scala,
3479 2094 3580 2169 ita
3615 2094 3813 2189 quod

1472 2239 1735 2293 saxum
1787 2223 1949 2291 erat
1997 2222 2435 2290 excavatum
2491 2215 2659 2288 hinc
2721 2213 2890 2289 inde
2949 2221 3330 2308 tamquam
3391 2214 3630 2309 paries
3694 2234 3818 2290 re-

1476 2346 1681 2414 ctus:
1737 2338 1916 2431 lapis
1966 2336 2161 2411 enim
2217 2336 2598 2432 macignus
2634 2334 3042 2431 appellatur
3081 2336 3202 2411 ille
3234 2337 3468 2410 durus
3518 2356 3613 2409 ex
3665 2356 3816 2431 quo

1476 2458 1663 2533 fiunt
1714 2457 2041 2532 macinae.
2088 2455 2362 2531 Deinde
2393 2454 2706 2531 ostendit
2741 2455 3114 2549 quomodo
3148 2456 3577 2553 purgaverit
3609 2476 3812 2550 eum,

1474 2578 1763 2653 dicens:
1800 2598 2025 2650 mosse
2073 2580 2135 2650 le
2177 2596 2403 2669 penne
2431 2596 2576 2667 sue,
2619 2574 2822 2668 idest,
2865 2576 3018 2649 alas
3056 2576 3282 2669 albaS‚
3319 2598 3356 2648 e
3389 2578 3816 2668 venulam,-

1476 2707 1553 2775 et
1599 2720 1731 2793 per
1780 2699 1971 2771 hanc
2020 2695 2566 2771 ventilationem
2625 2695 2843 2770 tacite
2902 2694 3026 2769 dat
3085 2695 3385 2790 intelligi
3439 2695 3636 2789 quod
3685 2717 3818 2769 an-

1476 2819 1688 2916 gelus
1736 2818 2011 2892 abrasit
2058 2839 2104 2893 a
2155 2816 2394 2891 fronte
2444 2817 2603 2890 eius
2653 2823 3004 2909 quartum
3057 2816 3137 2910 P,
3179 2816 3383 2911 idest,
3433 2824 3816 2913 peccatum

1478 2937 1792 3014 accidiae.
1845 2938 1932 3012 Et
1983 2958 2157 3012 ecce
2209 2935 2581 3030 quomodo
2615 2935 3110 3031 pronuntiavit
3145 2956 3320 3011 eum
3361 2936 3814 3032 absolutum3

1478 3060 1952 3151 affirmanda,
2003 3057 2161 3131 illos
2213 3059 2331 3148 qui
2377 3060 2612 3147 luyent
2657 3076 2846 3129 esser
2893 3056 3075 3129 beati
3123 3058 3224 3128 ch'
3238 3077 3474 3129 avran
3522 3060 3602 3131 di
3645 3078 3816 3131 con-

1476 3182 1677 3253 solur
1726 3181 1770 3251 t’
1795 3181 2026 3251 anime
2074 3180 2330 3267 donne,
2373 3175 2556 3251 idest
2606 3176 2732 3271 qui
2777 3176 3150 3250 habebunt
3189 3175 3264 3249 in
3303 3177 3491 3251 coelo
3530 3176 3814 3253 animas

1480 3319 1650 3373 suas
1699 3298 2029 3373 dominas
2088 3296 2618 3373 consolationis.
2686 3296 2858 3369 Vult
2919 3295 3187 3391 dicere,
3252 3296 3450 3390 quod
3515 3298 3822 3395 angelus

1481 3417 1660 3493 dixit
1710 3418 1889 3494 illud
1939 3417 2254 3493 Matthaei
2287 3416 2744 3513 Vcapitulo:
2799 3418 3000 3489 Beati
3047 3419 3165 3506 qui
3211 3420 3446 3508 luqent
3491 3420 3822 3510 quoniam

1479 3543 1612 3633 ipsi
1660 3539 2244 3632 consolabuntur5
2295 3537 2506 3631 quasi
2554 3536 2778 3612 dicat:
2815 3536 3014 3610 Beati
3067 3535 3190 3629 qui
3243 3537 3826 3632 deplorantpec-

1480 3667 1645 3737 cata
1694 3682 1831 3736 sua
1880 3660 1954 3733 in
2006 3658 2177 3753 vita,
2219 3659 2408 3733 sicut
2456 3657 2624 3732 fecit
2673 3657 2828 3752 ipse
2872 3664 3113 3752 poeta,
3149 3657 3274 3751 qui
3311 3676 3490 3732 vere
3524 3659 3661 3734 fuit
3693 3680 3823 3755 pa-

1484 3801 1653 3855 rum
1706 3777 2132 3873 accidiosuS,
2185 3799 2323 3852 nec
2371 3776 2647 3853 distulit
2695 3776 3196 3872 poenitentiam
3257 3789 3419 3872 post
3482 3786 3820 3873 mortem,

1481 3901 1672 3976 sicut
1720 3900 1839 3974 alii
1900 3900 2028 3994 qui
2086 3906 2297 3974 erant
2361 3899 2624 3972 hic.—
2655 3901 2788 3971 Che
2834 3900 2972 3970 hai.
3034 3897 3166 3971 Hic
3229 3905 3444 3993 poeta
3507 3899 3820 3975 ostendit

1482 4019 1855 4116 quomodo
1906 4019 2248 4116 Virgilius
2299 4018 2636 4115 petiverit
2666 4009 2740 4110 (²)
2791 4018 2887 4092 ab
2921 4039 3012 4092 eo
3046 4016 3138 4092 de
3187 4037 3412 4094 causa
3451 4041 3608 4093 suae
3641 4020 3821 4096 alte-

1484 4138 1807 4234 rationiS,
1856 4139 2139 4215 dicens:
2194 4145 2300 4212 La
2347 4142 2565 4231 quida
2627 4141 2772 4211 mia
2831 4132 3241 4212 incomincid
3298 4161 3347 4212 a
3396 4142 3635 4232 dub-mi,
3693 4143 3824 4214 Cloe

1480 4265 1603 4336 1ιαὶ
1649 4265 1768 4335 clus·
1791 4264 1863 4334 ’n
1912 4257 2034 4334 vde·
2084 4265 2157 4335 la
2207 4269 2406 4334 terra
2439 4281 2591 4352 par
2637 4262 2758 4332 che
2793 4261 3016 4351 quati,
3051 4259 3254 4354 idest,
3294 4259 3611 4356 respiciS,
3646 4281 3818 4336 cum

1484 4390 1733 4457 tamen
1804 4381 2037 4478 magis
2094 4379 2404 4456 deberes
2465 4379 2829 4475 respicere
2869 4381 3187 4474 coelum,
3250 4387 3524 4474 quanto
3590 4380 3819 4477 magis

1485 4502 1652 4576 salis
1691 4501 1766 4574 in
1814 4503 2084 4576 altum:
2138 4507 2213 4574 et
2282 4500 2418 4574 hoc
2477 4498 2698 4573 dixit:
2761 4519 2940 4592 poco
2989 4503 3156 4574 dall'
3182 4504 3436 4592 angelo
3499 4501 3827 4576 ambedue

1482 4625 1924 4711 sormomaci,
1976 4619 2180 4714 idest,
2216 4619 2424 4694 nobis
2473 4619 2834 4692 ambobus
2874 4639 3140 4714 parum
3175 4621 3527 4715 separatis
3559 4621 3654 4694 ab
3689 4639 3822 4694 an-

1488 4743 1655 4839 gelo
1706 4763 1837 4837 per
1884 4747 2298 4833 ascensum,
2352 4739 2560 4833 quasi
2628 4738 2858 4814 dicat:
2912 4761 3084 4814 cum
3151 4740 3518 4815 modicum
3572 4761 3827 4816 ascen-

1487 4863 1845 4936 dissemus
1910 4865 2071 4956 post
2138 4859 2681 4934 ventilationem
2753 4864 2827 4933 et
2897 4859 3338 4935 locutionem
3411 4862 3672 4958 angeli.
3741 4863 3829 4936 Et

1616 5117 1673 5182 (¹)
1705 5117 1767 5196 ιζ.
1801 5117 1973 5168 traxit.
2534 5115 2591 5180 (⁸)
2623 5116 2686 5168 Ε.
2719 5117 2912 5181 petivit.
