4392 6850
1462 953 1605 1023 518
2180 961 2592 1018 coum-run
2641 962 3080 1054 runouonu
3181 1024 3190 1031 ,

1456 1370 1789 1441 GANTUS
1834 1372 2318 1454 VIGESIMUS,
2377 1374 2452 1441 in
2512 1394 2632 1459 quo
2691 1378 2926 1442 &odat
2984 1374 3062 1441 de
3119 1374 3349 1442 eisdem
3405 1376 3624 1443 avaris
3685 1376 3802 1444 sub

1610 1484 1793 1551 titulo
1827 1484 2153 1552 cuiusdam
2178 1484 2477 1570 Huyom's
2513 1484 2818 1569 Giapettoe
2861 1487 2940 1552 de
2973 1486 3260 1555 Parisiis
3305 1486 3454 1553 olim
3485 1487 3696 1571 prolis
3741 1494 3804 1556 et

1613 1597 1885 1683 originis
1924 1616 2145 1681 regum
2170 1596 2560 1679 franeorum,
2597 1600 2708 1681 qui
2733 1596 2936 1664 multa
2979 1598 3146 1665 divit
3187 1598 3266 1665 de
3305 1598 3500 1681 factis
3543 1600 3800 1665 Elorum

1608 1730 1830 1795 reyum
1873 1729 1950 1775 ac
1992 1710 2183 1775 etiam
2243 1708 2322 1776 de
2373 1708 2554 1775 modo
2613 1708 3008 1777 liberationis
3065 1712 3424 1777 aninmo-um
3435 1734 3458 1793 ‚-
3521 1717 3582 1779 et
3637 1712 3802 1779 simet

1611 1822 1942 1889 deame-saus
1982 1824 2076 1887 est
2116 1840 2297 1887 mons
2325 1826 2599 1905 propter
2639 1819 3068 1889 liberationem
3109 1820 3304 1889 Statii
3345 1823 3636 1891 doctoris.

1614 2107 1994 2277 CONTRA
2028 2206 2312 2295 miotior
2345 2204 2564 2294 voler,
2593 2204 2788 2276 voler
2819 2206 2967 2276 mal
2987 2224 3252 2297 paona.
3291 2205 3687 2299 Postquam
3723 2204 3799 2281 in

1450 2326 1885 2424 praecedenti
1936 2324 2255 2421 capitulo
2305 2328 2522 2419 poeta
2566 2328 2815 2398 noster
2856 2324 3193 2398 tractavit
3235 2330 3308 2398 et
3347 2324 3797 2403 determina-

1451 2447 1553 2524 vit
1596 2447 1691 2522 de
1722 2444 2048 2545 generali
2082 2464 2302 2540 poena
2335 2449 2408 2519 et
2443 2443 2882 2540 purgatione
2915 2464 3344 2540 avarorum,
3381 2466 3579 2521 nunc
3615 2467 3797 2521 con-

1449 2572 1845 2663 sequenter
1895 2565 1967 2640 in
2010 2563 2352 2660 praesenti
2387 2564 2522 2638 XX
2556 2563 2876 2659 capitulo
2909 2562 3125 2639 docet
3159 2564 3392 2640 vitare
3425 2571 3501 2642 et
3535 2567 3796 2665 fugere

1446 2688 1639 2762 istud
1688 2704 2088 2761 commune
2140 2684 2422 2758 malum
2475 2683 2781 2757 humani
2830 2683 3121 2780 generis
3167 2684 3431 2780 duplici
3477 2688 3614 2783 via,
3651 2688 3793 2763 sci-

1446 2807 1637 2902 licet,
1688 2803 2215 2881 considerando
2249 2804 2481 2878 bonos
2513 2802 2818 2879 effectus
2853 2804 3207 2903 largitatis
3247 2812 3322 2881 et
3355 2808 3790 2884 voluntariae

1448 2926 1915 3025 paupertatis,
1966 2930 2042 3000 et
2090 2923 2395 2999 effectus
2445 2944 2711 3020 pravos
2762 2924 3090 3000 avaritiae
3125 2934 3200 3001 et
3240 2926 3666 3022 cupiditatis.
3703 2929 3790 3002 Et

1444 3049 1638 3123 istud
1688 3046 2091 3142 capitulum
2146 3044 2220 3118 in
2268 3065 2420 3138 quo
2478 3050 2698 3119 autor
2756 3044 3113 3119 hostiliter
3171 3046 3485 3144 insurgit
3532 3054 3789 3123 contra

1443 3167 1830 3244 avaritiam
1880 3164 2157 3240 infestis
2207 3164 2457 3259 armis,
2495 3163 2785 3239 videtur
2819 3163 3288 3240 dividendum
3341 3166 3414 3239 in
3467 3174 3791 3261 quatuor

1443 3293 1689 3384 partes
1722 3286 2146 3386 generalem
2180 3286 2256 3358 in
2289 3285 2527 3381 prima
2561 3305 2885 3379 quarum
2929 3292 3143 3381 poeta
3177 3286 3580 3361 detestatur
3611 3308 3790 3362 ava-

1444 3409 1685 3486 ritiam
1738 3414 1813 3485 et
1861 3406 2332 3483 commendat
2383 3405 2914 3482 liberalitatem.
2957 3406 3038 3481 In
3083 3406 3404 3484 secunda
3456 3407 3791 3483 introdu-

1442 3531 1540 3605 cit
1591 3550 1823 3604 unum
1880 3528 2198 3604 nobilem
2253 3527 2592 3623 spiritum
2650 3547 2964 3604 avarum
3018 3533 3092 3604 et
3140 3529 3539 3625 principem
3594 3529 3789 3603 mul-

1442 3657 1689 3725 torum
1732 3669 2161 3743 avarorum,
2196 3647 2327 3742 qui
2361 3653 2695 3723 recenset
2732 3668 2998 3744 magna
3036 3649 3231 3723 mala
3267 3647 3788 3724 committenda

1440 3791 1575 3866 per
1624 3789 2085 3845 successores
2134 3789 2331 3864 suoS,
2383 3767 2802 3864 impellente
2851 3767 3184 3865 avaritia,
3226 3769 3364 3842 ibi:
3417 3775 3479 3844 O
3520 3773 3782 3844 anima.

1438 3893 1518 3966 In
1570 3891 1783 3966 tertia
1833 3891 2067 3965 dictus
2119 3889 2413 3985 spiritus
2464 3889 2901 3963 transcurrit
2935 3889 3270 3964 enormia
3305 3896 3602 3986 peccata
3643 3891 3787 3964 mi-

1438 4031 1778 4086 serorum
1830 4030 2232 4086 avarorum
2286 4008 2474 4083 mira
2525 4008 2905 4104 brevitate,
2959 4009 3093 4085 ibi:
3137 4002 3258 4084 Cio
3299 4012 3403 4083 ch'
3417 4013 3486 4083 io
3521 4013 3782 4084 diceva.

1436 4133 1516 4206 ln
1568 4137 1836 4227 quarta
1886 4135 1961 4205 et
2005 4129 2265 4204 ultima
2297 4128 2638 4205 describit
2673 4129 3042 4224 quoddam
3083 4130 3418 4206 mirabile
3449 4131 3784 4206 accidens

1437 4250 1637 4346 quod
1685 4249 1987 4325 emersit
2035 4248 2157 4344 ibi,
2208 4247 2348 4322 ibi:
2403 4250 2541 4322 Noi
2589 4269 2906 4322 eravam.
2959 4249 3065 4323 Ad
3117 4249 3440 4346 primum
3482 4251 3782 4325 veniens

1436 4371 1620 4466 dim,
1672 4371 1869 4466 quod
1920 4376 2136 4466 poeta
2187 4375 2438 4444 noster
2486 4368 2892 4446 detestatur
2938 4370 3322 4445 avaritiam
3367 4391 3538 4446 cum
3574 4391 3782 4445 com-

1436 4493 1903 4567 mendatione
1954 4489 2345 4589 largitatis3
2399 4487 2526 4564 sed
2578 4489 2817 4585 primo
2867 4490 3240 4586 praemittit
3293 4490 3783 4566 continuatio-

1435 4633 1632 4709 nem,
1683 4619 1757 4688 et
1808 4613 1967 4687 vult
2016 4610 2343 4686 breviter
2390 4608 2657 4704 dicere,
2711 4609 2908 4704 quod
2969 4609 3266 4685 recessit
3315 4611 3408 4685 ab
3459 4611 3582 4685 illo
3631 4610 3780 4707 spi-

1438 4732 1581 4806 ritu
1636 4730 1973 4827 quamvis
2024 4753 2172 4806 non
2224 4734 2636 4824 contentus,
2672 4729 2844 4823 quia
2880 4729 3266 4806 affectabat
3298 4731 3539 4806 adhuc
3576 4731 3776 4825 loqui

1433 4873 1607 4928 cum
1636 4845 1711 4944 (¹)
1762 4871 1876 4948 eo,
1929 4851 2057 4926 sed
2122 4871 2269 4925 non
2332 4849 2588 4945 potuit.
2650 4849 2834 4924 Dicit
2893 4871 3110 4949 ergo:
3195 4853 3422 4942 Voler,
3482 4851 3775 4946 scilicet,

1558 5111 1613 5176 (¹)
1642 5111 1705 5163 Β.
1737 5125 1859 5162 eum
1890 5111 1983 5164 lllo
2014 5111 2203 5178 aliqua,
2237 5127 2340 5164 nou
2373 5117 2544 5163 tamen
2579 5111 2762 5176 potuit.
