4392 6850
1449 938 1592 1007 324
2168 950 2579 1005 comem-uu
2626 950 3066 1005 runc-Aronn

1443 1117 1576 1169 sua
1623 1096 1868 1185 barca,
1905 1093 2108 1188 idest,
2149 1114 2591 1189 promovere
2637 1094 3015 1191 ingenium
3058 1115 3305 1189 suum,
3358 1094 3556 1189 quod
3605 1095 3783 1170 assi·

1447 1216 1742 1289 milatur
1794 1213 1986 1307 navi,
2036 1219 2119 1287 ut
2168 1212 2400 1308 patuit
2449 1214 2521 1287 in
2576 1213 2923 1308 principio
2958 1215 3175 1310 primi
3218 1215 3511 1310 capituli
3566 1215 3783 1289 huius

1447 1335 1888 1431 purgatorii3
1958 1342 2399 1427 quantunque
2447 1328 2620 1427 pud,
2696 1336 2904 1429 quasi
2970 1336 3206 1409 dicat:
3280 1336 3447 1411 totis
3506 1336 3782 1411 viribus

1445 1455 1732 1551 ingenii,
1785 1457 1926 1547 qui,
1993 1454 2174 1527 idest
2237 1454 2312 1527 in
2361 1454 2497 1528 isto
2556 1455 2717 1529 loco
2769 1455 3193 1549 procelloso,
3242 1477 3376 1528 con
3424 1460 3499 1529 la
3546 1459 3704 1529 vela
3744 1479 3781 1529 e

1442 1581 1544 1651 ου’
1594 1578 1794 1668 remi,
1860 1574 2061 1668 idest,
2113 1595 2287 1649 cum
2346 1575 2841 1669 speculatione
2904 1576 3161 1651 maiori
3220 1582 3294 1651 et
3350 1578 3639 1651 minori.
3692 1578 3779 1651 Et

1443 1698 1556 1771 hic
1607 1702 1777 1771 nota
1813 1694 2010 1789 quod
2044 1695 2470 1789 metaphora
2508 1694 2713 1769 navis
2772 1700 2880 1769 est
2938 1695 3431 1790 propriissima
3472 1698 3565 1771 ad
3602 1719 3770 1791 pro-

1440 1817 1795 1913 positum3
1843 1815 2032 1890 sicut
2091 1813 2286 1889 enim
2354 1820 2653 1887 nautam
2715 1820 3001 1909 oportet
3066 1815 3171 1889 uti
3235 1816 3435 1890 omni
3492 1823 3656 1891 arte
3704 1824 3777 1891 et

1440 1938 1728 2033 ingenio
1778 1935 1869 2010 ad
1909 1934 2314 2011 eruendam
2367 1934 2611 2009 navim
2672 1934 2765 2009 de
2826 1936 2987 2009 loco
3045 1934 3454 2029 periculoso
3516 1958 3613 2011 ne
3664 1937 3775 2011 in-

1441 2062 1690 2131 currat
1747 2058 2154 2151 scopulum,
2224 2054 2323 2129 ita
2388 2060 2677 2149 oportet
2744 2075 2941 2129 nunc
3010 2061 3299 2149 poetam
3374 2057 3619 2131 facere
3680 2058 3771 2131 ad

1438 2175 1888 2253 evadendam
1956 2174 2283 2250 animam
2352 2196 2397 2249 a
2465 2194 2644 2248 saxo
2712 2174 3201 2269 superborum
3268 2196 3363 2251 ne
3446 2176 3773 2251 incurrat

1439 2295 1927 2393 naufragium.
1981 2296 2068 2368 Et
2117 2294 2431 2371 ostendit
2480 2294 2785 2369 modum
2826 2294 3213 2391 navigandi
3245 2296 3459 2369 istam
3498 2318 3769 2391 aquam

1439 2437 1773 2491 amaram
1803 2421 2106 2513 tangens
2143 2414 2410 2489 bonam
2446 2412 2983 2510 dispositionem
3021 2414 3411 2509 utriusque
3432 2410 3549 2510 (¹);
3578 2416 3771 2491 unde

1445 2537 1646 2612 dicit:
1697 2540 1770 2610 io
1825 2539 1917 2609 m'
1941 2558 2070 2609 era
2136 2556 2397 2626 messa,
2446 2536 2662 2630 juxta
2713 2541 3161 2630 praeceptum
3210 2536 3505 2633 Virgilii,
3558 2560 3597 2609 e
3659 2559 3771 2611 se·
3902 2534 3909 2542 ’

1443 2661 1610 2749 quia
1669 2660 2049 2750 volentia-i,
2113 2656 2373 2731 avidus
2442 2676 2655 2731 novae
2714 2656 2843 2751 rei,
2908 2658 2938 2729 i
2978 2660 3177 2749 passi
3231 2660 3347 2731 del
3390 2661 3531 2731 mio
3580 2680 3768 2733 mae-

1363 2870 1366 2875 ·
1441 2785 1617 2868 str0,
1679 2777 1884 2871 idest,
1947 2775 2249 2873 vestigia
2313 2774 2610 2872 Virgilii,
2668 2782 2735 2849 ec
2790 2777 3110 2851 ambidue
3162 2767 3285 2867 yid
3338 2785 3767 2853 mos-travam

1436 2899 1608 2970 com'
1635 2918 1928 2971 eravam
1979 2899 2291 2987 leymeri,
2324 2895 2479 2990 ipse
2528 2915 2661 2990 per
2708 2916 2791 2971 se
2838 2902 2915 2971 et
2964 2915 3104 2991 ego
3156 2916 3287 2990 per
3336 2917 3552 2992 eum3
3596 2906 3663 2973 ee
3706 2904 3767 2973 ei

1433 3020 1529 3091 mi
1576 3005 1802 3091 disse.-
1855 3019 2042 3107 volgi
2086 3019 2190 3107 912·
2250 3016 2441 3089 occki
2486 3018 2561 3088 in
2608 3018 2793 3107 mue,
2860 3014 3067 3109 quasi
3124 3014 3361 3089 dicat:
3416 3024 3765 3093 converte

1431 3136 1999 3231 speculationem
2067 3143 2297 3228 tuam,
2363 3142 2439 3209 et
2498 3134 2639 3231 lige
2704 3154 2997 3209 remum
3062 3136 3137 3209 in
3201 3155 3498 3229 aquam,
3560 3137 3763 3229 idest,

1431 3257 1696 3352 stylum
1734 3262 1949 3331 tuum
1989 3254 2066 3329 in
2107 3256 2493 3331 materiam
2530 3274 2863 3329 amaram
2901 3255 3207 3329 istorum
3244 3258 3759 3351 superborum,

1434 3381 1514 3450 ut
1566 3374 1812 3450 videas
1863 3374 2245 3472 naufragia
2296 3395 2585 3469 eorum,
2620 3381 2693 3450 et
2728 3374 3031 3471 evadas3
3074 3376 3270 3451 unde
3318 3376 3529 3452 dicit:
3582 3378 3763 3452 buon

1430 3499 1480 3569 ti
1523 3486 1727 3585 sard,
1775 3515 1822 3569 o
1873 3495 2211 3589 superbe,
2265 3497 2473 3568 veder
2532 3497 2601 3568 lo
2662 3499 2819 3570 tecto
2870 3498 3043 3570 delle
3080 3500 3321 3588 pionte
3370 3503 3505 3588 cue,
3558 3498 3758 3591 idest,

1427 3615 1890 3690 considerare
1939 3615 2136 3690 viam
2185 3615 2679 3710 superborum
2732 3616 3103 3709 quomodo
3138 3619 3386 3712 jacent
3418 3618 3757 3712 prostrati

1425 3757 1556 3832 per
1608 3745 1910 3831 terram,
1968 3757 2102 3829 per
2163 3739 2513 3828 alleyyiar
2562 3739 2635 3810 la
2682 3739 2828 3828 via,
2880 3737 3083 3832 idest,
3133 3737 3227 3812 ad
3276 3738 3755 3813 alleviandam

1425 3857 1618 3932 viam
1671 3878 1838 3951 quae
1889 3863 2050 3931 erat
2096 3858 2243 3933 alta
2295 3862 2371 3930 et
2418 3855 2801 3932 laboriosa.
2839 3857 2925 3930 Et
2959 3856 3073 3930 hic
3108 3857 3345 3932 oritur
3378 3856 3755 3960 dubitatio,

1421 3998 1656 4071 quare
1705 3984 1920 4072 poeta
1947 3985 2217 4052 noster
2268 3977 2607 4071 superius
2648 3975 2857 4050 finxit
2884 3969 2959 4069 (²)
2994 3979 3329 4072 exempla
3366 3979 3751 4053 humilium

1421 4119 1580 4174 esse
1627 4100 1908 4194 sculpta
1959 4098 2032 4172 in
2083 4097 2229 4172 alta
2281 4097 2436 4192 ripa
2478 4097 2552 4171 in
2594 4117 2971 4172 marmore
3009 4099 3200 4193 albo,
3235 4097 3353 4172 hic
3398 4119 3579 4175 vero
3618 4100 3753 4174 fin-

1419 4219 1523 4316 git
1569 4220 1906 4314 exempla
1961 4219 2453 4313 superborum
2506 4237 2667 4292 esse
2715 4217 3029 4314 figurata
3078 4219 3153 4292 in
3204 4225 3427 4312 terra,
3480 4225 3553 4294 et
3604 4219 3752 4294 cal-

1419 4337 1569 4412 cari
1619 4360 1664 4413 a
1716 4338 2018 4433 pedibus
2075 4337 2667 4412 ambulantium?
2726 4337 3127 4412 Dicendum
3180 4337 3499 4414 breviter
3556 4339 3751 4432 quod

1419 4459 1791 4554 eleganter
1855 4459 1992 4532 hoc
2055 4457 2283 4552 fingit,
2349 4463 2431 4530 ut
2494 4456 2774 4551 innuat,
2826 4458 3023 4552 quod
3088 4459 3214 4553 qui
3276 4477 3356 4534 se
3420 4459 3753 4534 humiliat

1419 4579 1781 4652 exaltatur
1811 4567 1884 4670 (³)
1939 4583 2016 4652 et
2063 4576 2379 4652 efficitur
2430 4578 2712 4670 clarus;
2766 4578 2891 4672 qui
2942 4597 3121 4654 vero
3172 4563 3251 4654 se
3302 4580 3578 4654 exaltat
3612 4581 3753 4653 hu-

1423 4697 1740 4771 miliatur
1769 4686 1840 4789 (⁴)
1895 4704 1971 4772 et
2020 4696 2098 4771 iit
2147 4697 2529 4772 obscurus.
2558 4737 2657 4750 —
2688 4701 2911 4770 Come.
2972 4697 3101 4772 Hic
3166 4705 3379 4792 poeta
3442 4699 3749 4774 manife-

1419 4822 1558 4889 stat
1608 4817 1916 4890 formam
1973 4815 2383 4913 figurarum
2434 4816 2943 4911 apparentium·
2981 4817 3075 4891 ibi
3110 4837 3243 4912 per
3279 4838 3501 4892 unam
3538 4839 3749 4893 com-

1541 4999 1596 5065 (¹)
1628 5003 1688 5052 E·
1721 5003 1980 5067 utrinque.
2487 5004 2541 5065 (⁸)
2574 5003 2635 5054 E.
2672 5003 2878 5054 fluxerit
2906 5005 3157 5068 exempla.

1541 5078 1594 5141 (⁸)
1631 5083 1738 5140 1¹⁷,
1771 5080 2096 5131 exaltabitur.
2490 5079 2541 5140 ξ’)
2576 5082 2683 5138 11⁷,
2718 5079 3089 5132 humiliabitur.
