4392 6850
1459 963 1602 1034 256
2179 969 2588 1028 couENTUM
2640 970 3079 1025 PURGATonn

1455 1118 1706 1198 audito
1731 1139 1950 1216 novo,
1979 1115 2427 1196 exhilaratus
2462 1121 2573 1192 est
2607 1114 2841 1192 valde.
2870 1111 3511 1190 Discumbentibus
3544 1111 3803 1188 deinde

1455 1238 1818 1335 omnibus‚
1856 1259 1985 1316 rex
2027 1236 2401 1312 mandavit
2436 1235 2635 1331 quod
2668 1255 2825 1310 suae
2864 1234 3030 1308 filiae
3065 1233 3436 1330 venirent3
3472 1233 3599 1308 sed
3634 1233 3803 1332 Uly-
3854 1226 3861 1228 ”

1460 1379 1590 1442 xes
1639 1358 1962 1436 intentus
1995 1357 2241 1432 statim
2274 1357 2564 1454 collegit
2596 1364 2849 1457 gestus
2882 1354 3197 1450 Achillis,
3226 1354 3527 1450 quinon
3567 1356 3803 1429 stabat

1453 1477 1874 1558 verecunde
1923 1485 1999 1554 et
2050 1475 2301 1551 timide
2350 1476 2541 1551 sicut
2579 1475 2743 1550 aliae
2782 1475 3183 1552 damicellae
3216 1467 3315 1570 (¹),
3351 1480 3427 1549 et
3465 1475 3801 1553 ostende-

1451 1598 1578 1679 bat
1628 1597 2213 1676 transversaliter
2265 1597 2472 1674 illum
2525 1596 2879 1694 Diomedi,
2921 1603 2997 1672 et
3050 1594 3181 1672 nisi
3234 1595 3608 1671 Deidamia
3660 1597 3801 1670 sol·-

1453 1719 1646 1798 licite
1697 1725 2112 1796 revocasset
2163 1739 2337 1794 eum
2392 1724 2468 1792 et
2518 1717 2870 1792 tenuisset
2933 1716 3073 1792 sub
3140 1715 3495 1791 modestia
3543 1716 3801 1792 admo-

1453 1840 1694 1919 nendo
1746 1840 1952 1918 illum
2003 1860 2204 1914 nunc
2250 1839 2459 1941 pede,
2524 1859 2721 1913 nunc
2786 1858 3036 1930 manu,
3088 1857 3287 1912 nunc
3348 1837 3590 1932 oculo,
3640 1838 3795 1934 jam

1455 1967 1646 2038 esset
1679 1961 2184 2037 manifestatus
2212 1959 2519 2034 Achilles
2552 1958 2862 2034 ducibus
2886 1978 3325 2058 graecorum.
3355 1957 3589 2032 Finito
3623 1980 3801 2034 con-

1456 2081 1649 2164 vivio
1703 2102 1830 2159 rex
1886 2080 2108 2184 coepit
2155 2080 2424 2173 dicere,
2460 2078 2660 2177 quod
2703 2079 3023 2152 multum
3074 2077 3442 2173 invidebat
3490 2078 3800 2156 ducibus

1453 2201 1634 2297 illis3
1687 2223 1857 2278 nam
1917 2202 1978 2275 si
2041 2206 2233 2276 esset
2280 2200 2557 2296 junior,
2623 2201 2740 2274 vel
2805 2199 3111 2276 haberet
3169 2200 3452 2294 prolem
3514 2199 3797 2274 virilem

1452 2324 1615 2416 iret,
1659 2325 1776 2398 vel
1828 2323 2149 2398 mitteret
2181 2321 2275 2394 ad
2310 2322 2585 2396 bellum
2643 2319 3035 2394 troianum.
3078 2319 3282 2395 Tunc
3328 2325 3591 2394 cautus
3626 2319 3798 2414 Uly-

1457 2466 1610 2538 xeS,
1637 2449 1925 2542 captata
1949 2441 2491 2546 opportunitate
2526 2440 2899 2540 temporiS‚
2928 2440 3335 2535 respondit:
3374 2440 3613 2536 Certe,
3644 2460 3799 2540 rex,

1457 2572 1536 2645 tu
1589 2561 1958 2638 desideras
2009 2582 2167 2637 rem
2220 2561 2655 2660 gloriosam
2698 2561 2863 2654 quis
2904 2560 3101 2636 enim
3155 2582 3302 2636 non
3352 2568 3660 2656 cuperet
3691 2560 3799 2635 vi-

1455 2683 1634 2760 dere
1667 2683 1880 2757 avide
1915 2681 2529 2758 innumerabilem
2566 2682 2978 2757 exercitum
3030 2689 3107 2754 et
3152 2688 3258 2755 tot
3301 2701 3538 2777 regeS,
3578 2680 3800 2756 duces

1455 2814 1532 2886 et
1579 2806 1960 2909 principe5‚
2012 2827 2186 2884 cum
2260 2813 2413 2884 tota
2473 2804 2818 2880 fortitudo
2876 2811 2955 2880 et
3010 2804 3427 2902 pulcritudo
3490 2803 3801 2900 potentis

1457 2929 1770 3027 Europae
1795 2925 2293 3004 coniuraverit
2332 2932 2586 3002 contra
2614 2925 2961 3000 Troiam?
2992 2925 3415 3019 Numquam
3450 2923 3629 2998 alias
3664 2923 3799 3000 fuit

1456 3049 1626 3132 data
1653 3054 1802 3125 tam
1833 3031 2120 3146 copiosa
2160 3046 2469 3122 materia
2504 3045 2721 3120 famae
2759 3044 3068 3118 fortibus
3104 3043 3297 3119 viris,
3327 3044 3499 3118 Haec
3530 3042 3799 3140 dicente,

1459 3168 1728 3270 Ulyxes
1781 3168 2097 3266 respexit
2147 3168 2499 3244 Achillem
2554 3165 2915 3241 intentum
2966 3165 3503 3241 auscultantem
3556 3165 3800 3241 omnia

1455 3288 1763 3370 auribus
1823 3287 2138 3381 attentis,
2202 3293 2277 3363 et
2342 3292 2545 3365 certe
2613 3286 2945 3360 saltasset
3000 3305 3045 3360 a
3108 3303 3363 3360 mensa
3430 3284 3562 3360 nisi
3632 3285 3799 3360 Dei-

1455 3407 1700 3486 damia
1749 3407 2170 3485 abduxisset
2220 3428 2513 3483 sorores
2564 3411 2639 3484 et
2689 3405 2949 3505 ipsum.
2984 3404 3148 3499 lpse
3199 3411 3447 3481 tamen
3497 3405 3801 3481 ultimus

1458 3529 1808 3613 recedens
1859 3539 2062 3606 retro
2095 3528 2487 3625 aspiciebat
2518 3518 2591 3621 (²)
2625 3527 2955 3623 Ulyxem.
2994 3526 3263 3623 Ulyxes
3312 3525 3574 3602 deinde
3622 3525 3801 3599 dixit

1459 3650 1616 3755 regi
1654 3650 1849 3751 quod
1889 3655 2309 3728 remaneret
2342 3648 2417 3727 in
2448 3667 2654 3745 pace,
2696 3654 2772 3723 et
2810 3657 3248 3745 procuraret
3297 3645 3493 3721 viros
3522 3636 3596 3739 (³)
3654 3644 3803 3721 suis

1457 3768 1766 3865 filiabus,
1803 3790 1972 3867 quae
2011 3774 2225 3849 erant
2264 3768 2703 3845 excellentes
2742 3765 2817 3841 in
2856 3764 3364 3863 pulcritudine.
3412 3765 3801 3863 Respondit

1459 3909 1629 3971 rex:
1682 3889 1868 3982 Quid
1916 3888 2197 3965 diceres
2246 3888 2305 3963 si
2357 3887 2645 3963 videres
2678 3906 2803 3961 eas
2854 3886 3095 3965 facere
3130 3884 3485 3965 sacrificia
3516 3886 3801 3961 Baccho

1457 4013 1578 4091 vel
1627 4010 1956 4089 Palladi?
2005 4015 2080 4087 et
2127 4015 2333 4085 certe
2382 4007 2441 4082 si
2492 4028 2657 4088 cras
2714 4008 2857 4083 erit
2924 4028 3231 4086 serenus
3292 4028 3427 4084 aer
3478 4006 3801 4103 poteritis

1460 4132 1731 4212 videre.
1769 4132 1971 4211 Tunc
2019 4130 2246 4209 duces
2292 4134 2789 4227 conceperunt
2826 4128 3182 4213 maiorem
3218 4148 3447 4229 spem,
3484 4128 3613 4203 sed
3654 4148 3795 4207 nox

1458 4254 1576 4339 illa
1623 4253 1778 4332 visa
1829 4258 1939 4335 est
1987 4250 2205 4351 longa
2256 4248 2767 4351 sagaci-Ulyxi,
2802 4254 2878 4325 et
2916 4248 3375 4328 desiderabat
3412 4247 3557 4325 cito
3608 4247 3797 4327 diem

1460 4372 1638 4457 fieri.
1691 4369 2140 4453 Adveniente
2185 4370 2329 4465 die,
2382 4376 2768 4467 coeperunt
2812 4368 3088 4467 pulsari
3137 4376 3484 4470 tympana
3536 4374 3611 4445 et
3660 4367 3797 4451 alia

1456 4494 1944 4577 instrumenta
1977 4489 2262 4584 Bacchi,
2298 4497 2373 4565 et
2408 4490 2548 4565 illae
2582 4489 2902 4589 virgines
2952 4495 3337 4585 coeperunt
3374 4488 3797 4583 tripudium,

1459 4614 1586 4697 sed
1635 4610 1944 4695 Achilles
1993 4611 2327 4692 ordinem
2376 4630 2526 4689 non
2570 4608 2937 4691 servabat.
2987 4608 3372 4691 Diomedes
3421 4618 3674 4687 autem
3706 4606 3799 4685 ad

1459 4732 1890 4815 mandatum
1942 4731 2191 4831 Ulyxis
2242 4740 2633 4831 paraverat
2662 4717 2737 4829 (⁴)
2792 4728 3129 4828 quaedam
3182 4728 3484 4809 donaria
3536 4728 3799 4809 mulio-

1458 4852 1618 4935 bria
1657 4851 1994 4933 donanda
2025 4851 2160 4930 illis
2191 4851 2267 4929 in
2302 4850 2693 4951 praemium
2728 4848 3033 4945 laboris;
3064 4855 3137 4927 et
3170 4854 3379 4949 patre
3412 4868 3593 4945 rege
3621 4868 3801 4925 con-

1585 5042 1641 5101 (⁸)
1672 5040 1734 5090 B·
1765 5039 2070 5090 donamus.
2534 5036 2589 5099 Γ)
2623 5041 2733 5097 117,
2766 5037 3089 5101 respiciebat.

1587 5116 1642 5179 (⁸)
1675 5116 1736 5167 E.
1770 5115 1912 5168 viros
1939 5115 2158 5168 filiabus.
2532 5114 2587 5177 (⁸)
2620 5114 2681 5171 B.
2710 5114 2953 5183 putabat
2981 5113 3223 5179 quadam
3250 5112 3385 5167 dom
3412 5110 3705 5169 muliebri&
