4392 6850
1355 951 1451 1018 86
2076 958 2485 1016 οοΜΕΝΤυΜ
2534 957 2975 1014 ruam-roan

1353 1107 1563 1201 sima,
1627 1127 1776 1181 non
1837 1103 2028 1178 dicta
2093 1103 2187 1177 ab
2253 1104 2453 1178 Enea
2516 1101 2703 1177 sicut
2765 1100 2934 1175 dicit
2998 1101 3289 1198 vulgus,
3354 1101 3505 1177 imo
3568 1124 3701 1198 po-

1355 1229 1501 1302 tius
1548 1229 1642 1303 ab
1693 1225 2024 1301 hostibus
2074 1223 2559 1317 troianorum,
2611 1223 2880 1298 scilicet
2925 1243 2972 1297 a
3022 1222 3302 1319 graecis.
3346 1223 3471 1298 Est
3504 1223 3699 1299 enim

1352 1367 1596 1445 graeca
1645 1345 1925 1438 civitas,
1977 1364 2144 1438 quae
2195 1343 2369 1418 olim
2423 1350 2680 1420 vocata
2710 1338 2784 1436 (¹)
2820 1349 2933 1418 est
2965 1343 3427 1438 Parthenope
3456 1365 3500 1418 a
3549 1344 3703 1419 vir—

1352 1467 1522 1565 gine
1571 1465 1990 1559 conditrice,
2041 1463 2296 1539 civitas
2352 1464 2529 1540 olim
2587 1464 2849 1539 dilecta
2899 1463 3220 1561 Virgilio,
3272 1463 3486 1539 cuius
3548 1465 3703 1559 ipse

1351 1585 1686 1663 meminit
1735 1586 1808 1660 in
1861 1585 2006 1659 fine
2055 1584 2219 1659 libri
2268 1585 2825 1680 Georgicorum,
2880 1582 3006 1657 ubi
3065 1582 3281 1658 dicit:
3349 1588 3479 1658 Illo
3522 1590 3701 1666 ,Vir-

1349 1710 1588 1799 9ilium
1641 1728 1748 1780 me
1796 1713 2102 1799 tempore
2149 1707 2367 1778 dulcis
2410 1695 2485 1797 (²)
2536 1705 2791 1796 alebat,
2852 1706 3311 1798 Parthenope.
3376 1705 3485 1778 Ab
3546 1729 3695 1782 una

1351 1835 1562 1924 parte
1609 1827 1946 1922 Neapolis
1997 1845 2142 1900 non
2192 1826 2411 1921 longe
2448 1846 2493 1900 a
2531 1825 2851 1900 Puteolis
2883 1832 2994 1900 est
3036 1846 3247 1900 mons
3291 1827 3697 1902 Phalernus

1351 1948 1763 2024 celebratus
1813 1945 2263 2020 carminibus
2322 1951 2709 2041 poetarum
2774 1951 3069 2041 propter
3128 1947 3693 2043 praerogativam

1352 2067 1526 2160 vini,
1578 2073 1652 2143 et
1698 2067 1890 2140 inter
1939 2065 2385 2141 Phalernum
2438 2073 2515 2140 et
2564 2085 2774 2140 mare
2823 2071 2933 2140 est
2984 2064 3282 2159 quidam
3330 2086 3541 2142 mons
3574 2088 3697 2142 sa-

1355 2210 1540 2266 xeus
1575 2186 1912 2262 manibus
1946 2184 2327 2260 hominum
2372 2192 2793 2280 excavatuS,
2822 2206 3049 2280 quem
3086 2193 3353 2268 vocant
3384 2187 3691 2282 criptam

1353 2308 1913 2404 neapolitanam,
1966 2326 2191 2400 quem
2244 2307 2513 2402 vulgus
2564 2305 2733 2381 dicit
2782 2328 2830 2382 a
2880 2306 3178 2404 Virgilio
3237 2307 3535 2405 magicis
3584 2308 3695 2382 in-

1352 2426 1882 2505 cantationibus
1932 2426 2415 2522 perforatum,
2466 2425 2656 2500 sicut
2718 2434 2793 2502 et
2852 2427 2929 2501 in
2987 2428 3271 2505 caeteris
3334 2449 3505 2522 quae
3556 2427 3696 2503 mi-

1354 2548 1580 2626 randa
1635 2547 1970 2622 videntur
2021 2546 2231 2640 visui,
2280 2546 2467 2622 sicut
2518 2547 2739 2622 etiam
2790 2546 3039 2622 dicunt
3073 2546 3271 2641 quod
3310 2548 3692 2624 castellum

1351 2669 1484 2746 Ovi
1563 2667 1836 2742 sactum
1913 2673 2022 2742 est
2093 2667 2190 2741 ab
2258 2666 2519 2742 eodem
2589 2666 2907 2764 Virgilio.
2988 2666 3192 2742 Unde
3258 2667 3695 2744 novissimus

1351 2795 1567 2886 poeta
1617 2789 2013 2863 Petrarcha
2073 2786 2322 2862 scribit
2384 2787 2582 2882 quod
2646 2788 3143 2886 interrogatus
3198 2791 3428 2864 semel
3479 2811 3526 2864 a
3576 2810 3695 2864 se·-

1353 2908 1735 2986 renissimo
1789 2927 1966 3004 rege
2015 2907 2339 2982 Roberto
2390 2907 2564 3002 quid
2613 2907 2706 2982 de
2756 2909 2896 2982 hoc
2948 2907 3269 3002 sentiret,
3326 2909 3695 3004 respondit

1351 3030 1697 3122 ridenter,
1747 3049 1828 3102 se
1880 3047 2261 3128 nunquam
2327 3027 2588 3122 legisse
2636 3026 3015 3123 Virgilium
3086 3027 3307 3103 fuisse
3365 3051 3694 3104 marmo-

1351 3151 1632 3226 rarium
1685 3155 1814 3224 aut
1866 3147 2288 3243 lapicidam3
2326 3146 2524 3241 quod
2570 3167 2703 3222 rex
2753 3147 3165 3243 approbans
3201 3148 3343 3223 ait:
3378 3170 3528 3225 non
3561 3171 3693 3225 ve-

1349 3269 1558 3367 stigia
1611 3269 1940 3366 magica-12,
1991 3267 2118 3342 sed
2169 3268 2345 3342 ferri
2397 3268 2538 3342 illic
2586 3289 2768 3344 esse.
2822 3270 2946 3343 Est
2994 3289 3177 3366 ergo
3232 3269 3348 3346 via
3401 3272 3687 3366 publica

1347 3396 1554 3467 arcta
1583 3380 1656 3483 (³)
1712 3389 1840 3463 sed
1889 3387 2309 3485 longissima
2358 3409 2492 3484 per
2535 3389 2861 3465 medium
2906 3389 3123 3465 huius
3164 3390 3433 3467 montis
3486 3399 3692 3468 tene-

1348 3513 1590 3605 brosa,
1643 3516 1718 3584 et
1768 3508 2095 3584 horribili
2150 3516 2363 3584 nocte
2412 3530 2704 3605 semper
2754 3511 3093 3606 obscura,
3134 3510 3227 3587 de
3269 3534 3419 3606 qua
3470 3514 3689 3589 etiam

1348 3630 1520 3706 dicit
1587 3630 1856 3726 vulgus
1919 3628 2116 3703 aliud
2181 3628 2538 3723 mirabile,
2588 3629 2857 3705 scilicet
2926 3632 3125 3726 quod
3187 3631 3531 3717 inviolata
3580 3640 3696 3709 est

1351 3757 1683 3845 tempore
1732 3750 1922 3843 belli,
1963 3756 2037 3825 et
2071 3750 2287 3824 nullis
2327 3750 2720 3825 latrociniis
2752 3757 3131 3847 attentata,
3174 3752 3387 3827 cuius
3428 3754 3501 3826 in
3536 3754 3691 3849 epi-

1347 3871 1547 3951 stolis
1594 3869 1687 3945 ad
1736 3869 2096 3945 Lucilium
2148 3870 2427 3945 Seneca
2478 3871 2647 3945 facit
2696 3872 3167 3947 mentionem.
3205 3873 3287 3947 In
3321 3873 3468 3949 fine
3509 3895 3691 3950 vero

1346 3992 1565 4065 huius
1614 3992 1905 4066 obscuri
1958 3990 2256 4086 itineriS,
2310 3990 2435 4065 ubi
2488 3991 2728 4087 primo
2760 3991 3005 4088 incipit
3042 3993 3268 4070 videri
3306 3996 3579 4071 coelum
3614 3996 3691 4070 in

1343 4114 1492 4187 alto
1545 4118 1796 4187 monte
1846 4111 2135 4186 videtur
2185 4113 2609 4206 sepulcrum
2653 4112 2925 4209 Virgilii
2960 4114 3201 4208 operis
3249 4114 3569 4208 antiqui3
3614 4122 3691 4191 et

1343 4253 1438 4307 ex
1489 4233 1628 4308 hoc
1678 4233 1867 4307 sorte
1919 4240 2086 4306 nata
2139 4239 2250 4307 est
2298 4233 2541 4328 opinio
2591 4233 2791 4327 quod
2834 4232 3173 4330 Virgilius
3208 4234 3429 4310 fuerit
3467 4242 3689 4311 autor

1344 4348 1566 4427 huius
1615 4372 1885 4428 caveae.
1940 4351 2283 4449 Virgilius
2334 4352 2529 4427 enim
2573 4373 2886 4449 peregre
2919 4353 3265 4448 morienS,
3300 4354 3481 4434 dum
3517 4376 3689 4450 pro-

1344 4473 1795 4549 ficisceretur
1844 4474 1917 4547 in
1968 4473 2325 4547 Graeciam
2381 4472 2792 4547 infirmatus
2826 4473 2901 4547 in
2944 4474 3061 4549 via
3112 4473 3303 4549 inter
3356 4482 3690 4552 extrema

1343 4594 1650 4690 suspiria
1705 4592 2132 4668 recordatus
2181 4598 2293 4667 est
2342 4612 2498 4666 suae
2546 4592 2902 4688 NeapoliS,
2946 4600 3021 4668 et
3072 4594 3384 4672 obtinuit
3434 4594 3689 4697 reduci

1342 4714 1437 4789 ad
1487 4735 1676 4807 eam,
1728 4720 1812 4787 ut
1862 4733 2088 4807 quam
2142 4712 2355 4788 vivus
2403 4720 2809 4808 amaverat,
2862 4714 3249 4789 defunctus
3306 4714 3681 4791 incoleret.
3722 4721 3729 4729 ’

1343 4834 1453 4909 Ab
1501 4834 1641 4907 alia
1691 4838 1900 4928 parte
1948 4832 2283 4926 Neapolis
2334 4839 2445 4907 est
2494 4833 2683 4907 alius
2742 4854 2955 4909 mons
3012 4834 3188 4921 olim
3248 4834 3485 4919 dictus
3545 4834 3690 4911 Ve-

1467 5020 1521 5081 (¹)
1554 5019 1614 5069 E.
1648 5020 1931 5072 vocabatur
1961 5018 2303 5081 Parthenope.
2708 5020 2761 5086 (¹)
2792 5022 2855 5074 E,
2886 5020 3052 5073 Qum„
3082 5020 3302 5072 amum·

1466 5095 1523 5161 (⁸)
1555 5097 1618 5148 E.
1652 5101 1795 5147 arcta
1826 5096 2139 5162 longissima.
