4392 6850
1404 882 1679 937 CANTus
1729 882 2130 937 vmnsmus.
2815 866 2954 933 543

622 1026 910 1101 viveres
936 1026 1126 1101 sicut
1158 1026 1661 1123 dignissimum
1700 1034 1880 1103 erat.
1919 1028 2134 1102 Certe
2172 1033 2369 1101 tanta
2411 1026 2560 1099 sitis
2593 1027 2759 1101 auri
2801 1027 2957 1121 fuit,

626 1152 705 1218 ut
756 1146 1003 1220 scribit
1051 1147 1430 1243 IosepbuS‚
1484 1148 1681 1243 quod
1732 1169 1903 1222 cum
1956 1148 2096 1222 iret
2144 1154 2404 1222 contra
2441 1148 2742 1243 parthos
2789 1168 2960 1242 per-

622 1266 816 1339 venit
866 1266 962 1340 ad
1023 1267 1377 1362 Iudaeam,
1432 1275 1506 1343 et
1557 1268 1869 1342 abstulit·
1908 1269 2342 1342 thesaurum
2397 1268 2666 1363 templi,
2734 1288 2956 1361 quem

622 1385 1011 1481 Pompeius
1064 1389 1464 1482 reliquerat
1500 1388 1893 1462 intactum:
1931 1388 2049 1461 cui
2084 1394 2332 1461 custos
2362 1379 2433 1479 (')
2474 1388 2956 1482 pecuniarum

622 1506 913 1580 tradidit
962 1510 1245 1584 trabem
1305 1530 1613 1583 auream
1678 1509 1922 1605 magni
1990 1507 2350 1603 ponderiS,
2418 1514 2500 1581 ut
2564 1507 2958 1584 redimeret

623 1634 890 1701 caetera
926 1635 1357 1702 ornamenta
1411 1627 1724 1723 pretiosa
1762 1626 2032 1722 templi.
2074 1627 2466 1702 Iuraverat
2501 1626 2696 1701 enim
2739 1628 2958 1704 Cras-

624 1767 747 1819 sus
800 1746 971 1820 nibil
1022 1748 1219 1821 aliud
1270 1748 1362 1822 de
1414 1740 1683 1841 templo
1736 1748 2032 1840 tollere3
2070 1753 2143 1820 et
2177 1754 2429 1821 tamen
2462 1748 2703 1843 rapuit
2737 1768 2958 1823 omne

623 1889 895 1942 aurum
938 1868 1194 1965 templi
1231 1869 1427 1963 quod
1463 1874 1621 1943 erat
1656 1868 2105 1961 maximum3
2142 1868 2490 1961 quoniam
2535 1890 2679 1943 non
2719 1870 2958 1943 minor

624 1987 758 2061 fuit
808 1989 1111 2063 avaritia
1163 1988 1630 2063 hebraeorum
1687 2009 1910 2082 quam
1964 2008 2466 2062 romanorum.
2511 1988 2597 2060 Et
2631 1988 2747 2062 hic
2790 1996 2958 2063 nota

623 2108 823 2203 quod
884 2108 1313 2183 naturaliter
1374 2108 1737 2201 loquendo
1798 2128 2095 2202 sapores
2158 2113 2233 2181 et
2296 2106 2560 2181 odores
2625 2106 2960 2181 omnium

624 2228 1092 2329 metallorum
1147 2234 1319 2301 sunt
1367 2227 1779 2321 aliqualiter
1830 2227 2054 2300 foetidi
2101 2233 2402 2321 propter
2433 2227 2802 2321 sulphur3'
2838 2226 2964 2302 sed

622 2368 893 2421 aurum
948 2346 1274 2441 minime,
1318 2347 1489 2440 quia
1543 2348 1763 2423 babet
1812 2347 2117 2442 sulphur
2166 2346 2431 2420 subtile
2472 2347 2628 2420 sine
2665 2348 2960 2441 malitia,

622 2468 751 2543 sed
802 2488 1062 2561 parum
1120 2467 1460 2539 immutat
1509 2472 1835 2563 gustum,
1872 2472 1945 2540 et
1986 2466 2195 2559 quasi
2239 2486 2383 2539 non
2425 2473 2537 2541 est
2585 2466 2960 2561 sensibile3

624 2587 747 2663 sed
802 2586 1177 2661 moraliter
1236 2586 1601 2680 loquendo
1653 2586 2202 2669 amarissimum
2251 2584 2386 2659 fuit
2436 2586 2718 2661 Crasso.
2763 2587 2958 2683 Ergo

627 2710 815 2783 bene
865 2708 1169 2781 Crassus
1219 2706 1493 2781 claudit
1538 2706 1861 2781 convicia
1912 2725 2338 2779 avarorum.
2382 2706 2489 2778 Ex
2540 2706 2745 2780 dictis
2779 2726 2961 2803 ergo
3044 2746 3048 2751 .

629 2830 793 2905 vide
829 2851 1051 2923 quam
1078 2816 1581 2903 amarissimus
1616 2833 1727 2902 est
1762 2847 1976 2921 sapor
2010 2826 2308 2901 auri.—
2330 2831 2564 2899 Talor.
2592 2826 2721 2900 Hic
2747 2828 2962 2924 Hugo

630 2950 1009 3045 imponens
1060 2948 1280 3023 finem
1333 2970 1469 3022 suo
1520 2948 1739 3044 longo
1789 2948 2112 3021 sermoni
2165 2954 2498 3022 removet
2547 2968 2770 3020 unam
2824 2948 2963 3023 du-

628 3071 1095 3145 bitationem:
1151 3069 1325 3163 quia
1376 3068 1569 3143 enim
1624 3075 1839 3163 poeta
1888 3067 2175 3141 dixerat
2225 3090 2478 3163 supra:
2517 3079 2588 3141 tu
2627 3071 2806 3160 solo,
2844 3088 2964 3143 re·-

630 3191 933 3287 spondet
982 3192 1219 3287 Euge,
1270 3189 1469 3283 quod
1520 3210 1663 3263 non
1718 3195 1876 3263 erat
1927 3189 2124 3261 solus
2190 3208 2550 3262 renovans
2601 3188 2755 3263 illas
2809 3191 2967 3264 lau-

629 3311 780 3406 deS‚
833 3310 960 3386 sed
1009 3312 1209 3385 solus
1258 3310 1696 3384 audiebatur
1744 3330 1837 3383 ex
1897 3308 2074 3402 aliis,
2138 3308 2309 3401 quia
2361 3308 2576 3382 altius
2626 3309 2968 3386 cantabat

630 3454 802 3507 cum
858 3431 1117 3506 maiori
1168 3430 1570 3504 affectione.
1624 3429 1807 3504 Dicit
1859 3435 2073 3525 ergo:
2136 3433 2352 3502 Talor
2395 3433 2708 3522 pat-liam
2761 3435 2806 3504 ι’
2828 3451 2969 3505 uno

631 3556 774 3626 allo
808 3576 845 3626 e
887 3556 931 3626 l’
958 3554 1145 3626 altro
1179 3553 1410 3644 basse,
1446 3551 1520 3624 in
1552 3549 1911 3625 alterutra
1955 3549 2343 3642 cantilena,
2391 3549 2691 3622 secondo
2740 3553 2970 3644 l'affe-

631 3676 820 3764 zion,
873 3672 1231 3746 maiorem
1284 3671 1400 3745 vel
1456 3669 1840 3764 minorem,
1894 3671 1995 3741 ch’
2023 3691 2072 3741 a
2134 3671 2252 3742 dir
2307 3671 2374 3741 ci
2417 3689 2712 3760 sprona,
2765 3671 2970 3766 idest,

633 3794 983 3886 stimulat,
1033 3812 1169 3864 ora
1238 3813 1287 3862 a
1352 3793 1677 3882 mayyior
1740 3796 1806 3862 el
1858 3811 1997 3863 ora
2059 3811 2108 3862 a
2165 3791 2397 3861 minor
2448 3812 2693 3883 passe,
2763 3791 2967 3886 idest,

634 3933 829 3986 nunc
879 3913 969 3985 ad
1020 3911 1378 4003 altiorem,
1434 3929 1631 3984 nunc
1680 3909 1772 3984 ad
1822 3909 2224 3984 bassiorem
2269 3927 2549 3983 vocem.
2589 3909 2758 3984 Ideo
2791 3931 2970 3984 con-

634 4032 893 4108 cludit:
942 4025 1117 4124 perd
1165 4035 1236 4104 io
1285 4052 1427 4103 non
1487 4051 1617 4102 era
1675 4033 1826 4102 solo
1886 4031 2183 4119 dinami,
2235 4029 2440 4124 idest,
2493 4030 2710 4125 paulo
2772 4039 2967 4126 ante,

638 4153 826 4227 sicut
876 4159 954 4225 tu
1010 4150 1500 4243 existimabas»,
1536 4151 1769 4221 alben
1819 4151 1938 4222 che
1960 4152 2012 4221 ’1
2056 4141 2128 4222 di
2176 4152 2242 4222 ci
2287 4151 2352 4221 si
2396 4153 2730 4243 rayiona,
2765 4151 2970 4246 idest,

635 4272 728 4348 ad
780 4270 1487 4347 commendationem
1550 4269 1993 4364 paupertatis
2052 4273 2127 4342 et
2186 4268 2560 4364 largitatis,
2627 4292 2792 4364 quae
2856 4273 2972 4349 bic

636 4392 1069 4468 decantatur
1119 4390 1190 4462 in
1242 4388 1397 4483 die3
1450 4409 1565 4461 ma
1625 4392 1815 4462 altra
1866 4409 2203 4481 persona,
2265 4409 2487 4482 quam
2543 4411 2682 4486 ego
2732 4392 2972 4489 liugn,

632 4535 781 4588 non
830 4514 1089 4585 alzava
1142 4513 1214 4585 la
1263 4531 1426 4582 voce
1486 4511 1606 4602 qui
1660 4511 1758 4582 da
1815 4529 2111 4602 mess-0,-
2176 4509 2348 4602 quia
2411 4510 2528 4583 alii
2596 4519 2974 4588 cantantes

638 4633 857 4708 simul
910 4653 1205 4707 mecum
1238 4623 1311 4725 (²)
1368 4632 1768 4707 utebantur
1818 4651 1999 4704 voce
2050 4630 2413 4728 depressa.
2848 4651 2852 4656 ·

764 4934 821 4994 (¹)
853 4932 917 4983 E.
950 4936 1123 4984 custos
1158 4932 1337 4996 templi
1366 4932 1593 4984 tradidit.

764 5007 818 5070 (³)
852 5013 959 5071 117,
992 5023 1188 5060 secum.
