4392 6850
1519 993 1796 1049 CAN-rus
1843 993 2102 1048 Nonus.
2842 983 2983 1049 259

634 1147 836 1215 ceret
867 1133 942 1234 (¹)
993 1141 1066 1214 in
1118 1138 1349 1214 otiosa
1402 1139 1728 1214 umbra?
1777 1139 1912 1214 Cui
1963 1138 2278 1214 Achilles
2343 1139 2731 1235 respondit,
2786 1140 2985 1236 quod

633 1281 813 1334 suus
865 1259 1056 1334 ensis
1107 1265 1497 1334 excusaret
1557 1260 1807 1334 sallum
1865 1259 2168 1334 matris:
2223 1265 2298 1334 et
2348 1259 2600 1356 petivit
2648 1259 2981 1357 Ulyxem,

635 1379 832 1474 quod
867 1379 1001 1454 sibi
1037 1385 1377 1453 narraret
1424 1378 1772 1475 principia
1807 1386 1882 1454 et
1904 1380 2142 1475 justas
2175 1399 2437 1454 causas
2479 1379 2759 1453 irarum
2801 1401 2982 1455 con-

636 1505 749 1573 tra
795 1499 1110 1574 Troiam.
1165 1498 1432 1596 Ulyxes
1482 1498 1811 1574 narravit
1859 1498 1957 1572 illi
2011 1505 2303 1594 raptum
2341 1499 2659 1596 Helenae,
2694 1506 2768 1574 et
2800 1499 2982 1575 dixit

636 1629 798 1715 post
845 1619 1127 1693 multa:
1181 1618 1354 1714 quid
1403 1639 1666 1716 ageres
1716 1617 1774 1693 si
1825 1617 2088 1713 aliquis
2121 1617 2262 1694 iret
2306 1639 2503 1694 nunc
2544 1619 2636 1694 ad
2688 1620 2983 1716 rapien-

598 1739 806 1814 dam
840 1731 912 1833 (²)
961 1739 1438 1835 Deidamiam,
1492 1746 1566 1815 et
1626 1745 2037 1835 asportaret
2085 1760 2130 1813 a
2181 1739 2415 1836 patria
2466 1740 2659 1816 illam
2712 1743 2982 1818 attoni-

637 1865 790 1933 tam
841 1865 916 1934 et
965 1861 1408 1935 clamantem
1463 1861 1733 1934 nomen
1768 1859 2017 1956 magni
2053 1857 2395 1933 Achillis?
2428 1860 2632 1935 Tunc
2670 1861 2979 1938 Achilles

637 1979 930 2055 reduxit
979 2001 1285 2054 manum
1339 1980 1431 2055 ad
1482 1981 1856 2077 capulum,
1893 1985 1968 2055 et
2006 1999 2321 2076 magnus
2374 1980 2605 2054 rubor
2653 1984 2980 2058 accendit

634 2098 898 2174 faciem
934 2099 1111 2175 eius.
1140 2099 1408 2196 Ulyxes
1443 2105 1830 2175 contentus
1873 2099 1982 2172 his
2020 2099 2267 2174 tacuit.
2304 2099 2393 2173 Et
2427 2101 2773 2176 continuo
2808 2103 2981 2177 Dio-

635 2219 888 2296 medes
936 2219 1157 2316 coepit
1203 2226 1459 2316 petere
1507 2219 1860 2294 Achillem
1903 2219 1996 2294 de
2029 2218 2188 2294 eius
2234 2219 2605 2294 nutritura
2640 2222 2777 2295 suh
2812 2223 2981 2296 Chi-

631 2360 860 2434 rone3
913 2346 987 2414 et
1047 2338 1151 2414 sic
1215 2338 1766 2414 confabulantes
1834 2345 2203 2414 venerunt
2264 2338 2359 2414 ad
2426 2360 2799 2437 campum,
2854 2342 2981 2417 ubi

628 2459 794 2535 fecit
845 2460 965 2536 illa
1017 2460 1352 2536 miranda
1402 2479 1574 2555 quae
1622 2459 1873 2535 scribit
1914 2459 2282 2535 Homerus
2315 2459 2390 2534 in
2426 2483 2559 2536 sua
2610 2461 2851 2538 Iliade.
2895 2464 2982 2538 Et

629 2579 747 2653 bic
800 2586 997 2675 nota,
1047 2579 1300 2674 lector,
1356 2579 1552 2675 quod
1605 2581 1790 2654 solet
1838 2599 2034 2676 saepe
2084 2579 2369 2656 moveri
2419 2580 2755 2680 dubium,
2792 2605 2981 2679 qua-

630 2698 794 2776 liter
845 2707 957 2776 est
1006 2700 1365 2797 possibile,
1419 2698 1615 2795 quod
1649 2699 1978 2796 Pyrrhus
2027 2698 2219 2772 filius
2267 2699 2557 2775 Achillis
2617 2709 2833 2777 natus
2886 2724 2980 2778 ex

633 2818 1012 2894 Deidamia
1063 2819 1351 2896 venerit
1382 2819 1475 2894 ad
1509 2818 1800 2894 Troiam
1839 2825 1997 2914 post
2033 2829 2353 2897 mortem
2392 2822 2617 2917 patris
2667 2823 2760 2896 ad
2793 2822 2980 2899 bella

630 2939 958 3036 gerenda
980 2943 1014 3012 ‘l
1064 2939 1191 3015 sed
1243 2947 1447 3015 certe
1498 2938 1602 3014 sic
1649 2937 2064 3014 dubitantes
2099 2961 2247 3014 non
2290 2940 2749 3016 considerant
2783 2943 2981 3037 quod

632 3067 1030 3157 apparatus
1081 3061 1260 3135 tanti
1311 3059 1480 3146 belli
1531 3080 1680 3135 non
1728 3060 1963 3157 potuit
2013 3059 2170 3136 fieri
2224 3060 2297 3134 in
2362 3060 2570 3137 brevi
2624 3068 2981 3158 tempore.

633 3181 840 3256 Unde
889 3181 1112 3256 debes
1163 3181 1352 3258 scire
1404 3179 1600 3277 quod
1637 3186 1971 3277 tempore
2011 3181 2268 3262 mortis
2309 3181 2657 3277 HectoriS,
2708 3183 2985 3259 Helena

625 3304 780 3400 jam
835 3309 1139 3379 steterat
1189 3303 1263 3377 in
1312 3301 1530 3377 Troia
1579 3321 1713 3398 per
1764 3301 2080 3397 spatium
2142 3302 2397 3400 viginti
2454 3323 2847 3398 annorum,
2899 3309 2987 3378 ut

638 3424 885 3499 scribit
934 3423 1302 3499 Homerus
1352 3420 1578 3496 XXIII
1627 3421 1906 3497 Iliados
1960 3421 2067 3496 Ex
2120 3421 2327 3498 dictis
2378 3424 2601 3498 etiam
2644 3445 2987 3501 remove-

639 3552 762 3620 tur
807 3542 1008 3620 aliud
1058 3543 1392 3639 dubium,
1443 3542 1800 3638 videlicet,
1836 3542 2002 3638 quis
2052 3544 2274 3620 fuerit
2316 3545 2748 3621 laudabilior
2778 3536 2850 3639 (³³)
2888 3567 2985 3620 an

637 3665 926 3758 Hector,
977 3684 1074 3738 an
1125 3662 1490 3738 Achilles?
1549 3662 1766 3739 Certe
1836 3684 1982 3737 non
2041 3666 2279 3739 solum
2350 3665 2720 3741 Homerus
2794 3685 2987 3763 grae-

640 3805 792 3881 cuS,
835 3784 964 3859 sed
1003 3782 1369 3881 VirgiliuS,
1413 3783 1685 3859 Statius
1731 3790 1806 3858 et
1840 3783 2086 3859 caeteri
2131 3791 2367 3881 poetae
2400 3785 2603 3859 latini
2644 3786 2987 3861 videntur

641 3904 992 4001 prael'erre
1041 3902 1420 3998 Achillem,
1456 3903 1579 3999 qui
1627 3903 1703 3979 in
1755 3904 2188 3981 strenuitate
2231 3926 2617 3981 armorum
2672 3907 2807 3980 fuit
2856 3928 2986 3981 su-

645 4024 930 4121 perior3
1007 4029 1081 4099 et
1156 4024 1299 4099 alia
1374 4024 1608 4099 multa
1675 4024 2194 4101 adscribuntur
2255 4026 2413 4122 sibi,
2480 4048 2651 4122 quae
2717 4027 2986 4102 Chiron

645 4144 995 4243 magister
1043 4166 1227 4219 suus
1288 4144 1536 4220 docuit
1583 4144 1818 4241 illum,
1871 4144 1997 4241 qui
2049 4146 2252 4220 novit
2293 4147 2609 4244 pulsare,
2662 4155 2985 4245 cantare,

644 4270 716 4339 et
783 4264 1270 4341 medicamina
1345 4264 1776 4360 herbarum,
1841 4264 2118 4341 nobiles
2175 4287 2455 4362 ,moreS,
2501 4268 2861 4364 justitiam
2914 4276 2988 4345 et

644 4383 944 4460 modum
1024 4385 1359 4483 regendi,
1421 4390 1507 4459 ut
1579 4384 1826 4460 scribit
1886 4384 2181 4461 Statius
2244 4387 2455 4462 Nunc
2520 4394 2631 4463 est
2696 4394 2989 4485 tempus

649 4507 984 4584 veniendi
1035 4508 1125 4582 ad
1179 4508 1494 4602 literam,
1537 4526 1705 4602 quae
1756 4506 1908 4581 istis
1941 4506 2113 4582 visis
2148 4514 2485 4583 remanet
2519 4509 2731 4584 valde
2764 4510 2985 4584 clara.

645 4626 825 4703 Dicit
876 4647 1098 4724 ergo:
1151 4630 1412 4702 Achille
1458 4648 1604 4701 non
1653 4628 2054 4719 altrimenti,
2105 4626 2313 4723 idest,
2365 4628 2716 4724 similiter,
2767 4632 2831 4704 si
2884 4634 2991 4705 ri-

641 4730 893 4841 scosse,
947 4748 1219 4824 scilicet
1282 4770 1328 4824 a
1396 4767 1683 4843 somn0,
1734 4752 1810 4823 et
1869 4746 2259 4845 evigilavit.
2277 4736 2379 4845 (⁴),
2428 4752 2531 4841 912·
2586 4752 2778 4823 occhi
2832 4773 2990 4825 sve-

639 4872 838 4961 aliaeu·
883 4872 1298 4961 rivolyendo
1345 4871 1417 4943 in
1468 4872 1658 4962 σίνο,
1715 4873 1794 4943 ut
1837 4868 2100 4943 audisti
2153 4871 2366 4965 plene
2416 4869 2491 4944 in
2543 4878 2836 4947 narrata
2878 4872 2991 4947 hi-

765 5064 822 5124 (¹)
853 5066 964 5120 11⁷,
993 5066 1244 5114 maneret.
1871 5062 1926 5125 (¹)
1955 5061 2010 5113 S.
2041 5062 2364 5127 rapiendum.

766 5138 820 5201 ι’)
853 5138 905 5188 S.
935 5138 1162 5191 nobilior
1191 5152 1256 5190 ιιι
1289 5138 1508 5191 Hector.
1869 5139 1926 5203 (⁸)
1958 5138 2019 5190 E.
2049 5144 2104 5191 et
2135 5140 2381 5206 vigil-vlt.
