<?xml version="1.0" encoding="UTF-8"?>
<!DOCTYPE html PUBLIC "-//W3C//DTD XHTML 1.0 Transitional//EN"
    "http://www.w3.org/TR/xhtml1/DTD/xhtml1-transitional.dtd">
<html xmlns="http://www.w3.org/1999/xhtml" xml:lang="en" lang="en">
 <head>
  <title>
</title>
<meta http-equiv="Content-Type" content="text/html;charset=utf-8" />
  <meta name='ocr-system' content='tesseract 3.04.00' />
  <meta name='ocr-capabilities' content='ocr_page ocr_carea ocr_par ocr_line ocrx_word'/>
</head>
<body>
  <div class='ocr_page' id='page_1' title='image "./comentumsuperda02unkngoog_0464.png"; bbox 0 0 4392 6850; ppageno 0'>
   <div class='ocr_carea' id='block_1_1' title="bbox 1225 897 2881 966">
    <p class='ocr_par' dir='ltr' id='par_1_1' title="bbox 1225 897 2881 966">
     <span class='ocr_line' id='line_1_1' title="bbox 1225 897 2881 966; baseline 0.001 -2"><span class='ocrx_word' id='word_1_1' title='bbox 1225 911 1500 965; x_wconf 74' lang='lat' dir='ltr'><strong>CANTUs</strong></span> <span class='ocrx_word' id='word_1_2' title='bbox 1550 910 1868 966; x_wconf 67' lang='lat' dir='ltr'><strong>necinus</strong></span> <span class='ocrx_word' id='word_1_3' title='bbox 1918 911 2207 966; x_wconf 70' lang='lat' dir='ltr'><strong>sunus.</strong></span> <span class='ocrx_word' id='word_1_4' title='bbox 2742 897 2881 965; x_wconf 81' lang='lat'><strong>443</strong></span> 
     </span>
    </p>
   </div>
   <div class='ocr_carea' id='block_1_2' title="bbox 475 1055 2887 4158">
    <p class='ocr_par' dir='ltr' id='par_1_2' title="bbox 475 1055 2887 4158">
     <span class='ocr_line' id='line_1_2' title="bbox 542 1055 2887 1153; baseline 0 -23"><span class='ocrx_word' id='word_1_5' title='bbox 542 1062 794 1152; x_wconf 90' lang='lat' dir='ltr'><strong>postea</strong></span> <span class='ocrx_word' id='word_1_6' title='bbox 844 1056 918 1129; x_wconf 89' lang='lat' dir='ltr'><strong>in</strong></span> <span class='ocrx_word' id='word_1_7' title='bbox 971 1055 1410 1150; x_wconf 87' lang='lat' dir='ltr'><strong>quibusdam</strong></span> <span class='ocrx_word' id='word_1_8' title='bbox 1464 1056 1867 1130; x_wconf 80' lang='lat' dir='ltr'><strong>othonibus</strong></span> <span class='ocrx_word' id='word_1_9' title='bbox 1918 1056 2314 1153; x_wconf 74' lang='lat' dir='ltr'>germanie,</span> <span class='ocrx_word' id='word_1_10' title='bbox 2369 1063 2443 1130; x_wconf 93' lang='lat' dir='ltr'><strong>et</strong></span> <span class='ocrx_word' id='word_1_11' title='bbox 2494 1055 2695 1153; x_wconf 90' lang='lat' dir='ltr'><strong>papis</strong></span> <span class='ocrx_word' id='word_1_12' title='bbox 2760 1077 2887 1130; x_wconf 91' lang='lat' dir='ltr'><strong>ro-</strong></span> 
     </span>
     <span class='ocr_line' id='line_1_3' title="bbox 539 1175 2884 1272; baseline 0 -23"><span class='ocrx_word' id='word_1_13' title='bbox 539 1176 792 1251; x_wconf 75' lang='lat' dir='ltr'><strong>manie.</strong></span> <span class='ocrx_word' id='word_1_14' title='bbox 846 1175 1017 1251; x_wconf 91' lang='lat' dir='ltr'><strong>Ideo</strong></span> <span class='ocrx_word' id='word_1_15' title='bbox 1068 1176 1259 1251; x_wconf 88' lang='lat' dir='ltr'><strong>bene</strong></span> <span class='ocrx_word' id='word_1_16' title='bbox 1317 1176 1764 1251; x_wconf 72' lang='lat' dir='ltr'><strong>Iustinianus</strong></span> <span class='ocrx_word' id='word_1_17' title='bbox 1826 1176 2226 1272; x_wconf 88' lang='lat' dir='ltr'><strong>imperator</strong></span> <span class='ocrx_word' id='word_1_18' title='bbox 2284 1177 2419 1251; x_wconf 87' lang='lat' dir='ltr'><strong>ait:</strong></span> <span class='ocrx_word' id='word_1_19' title='bbox 2479 1178 2739 1272; x_wconf 82' lang='lat' dir='ltr'><strong>Magna</strong></span> <span class='ocrx_word' id='word_1_20' title='bbox 2810 1176 2884 1250; x_wconf 88' lang='lat' dir='ltr'><strong>in</strong></span> 
     </span>
     <span class='ocr_line' id='line_1_4' title="bbox 539 1295 2879 1396; baseline 0.001 -28"><span class='ocrx_word' id='word_1_21' title='bbox 539 1295 956 1396; x_wconf 88' lang='lat' dir='ltr'><strong>hominibus</strong></span> <span class='ocrx_word' id='word_1_22' title='bbox 1009 1302 1178 1369; x_wconf 89' lang='lat' dir='ltr'><strong>sunt</strong></span> <span class='ocrx_word' id='word_1_23' title='bbox 1226 1296 1418 1371; x_wconf 91' lang='lat' dir='ltr'><strong>dona</strong></span> <span class='ocrx_word' id='word_1_24' title='bbox 1471 1296 1600 1370; x_wconf 92' lang='lat' dir='ltr'><strong>Dei</strong></span> <span class='ocrx_word' id='word_1_25' title='bbox 1648 1317 1721 1371; x_wconf 67' lang='lat' dir='ltr'><strong>a‘</strong></span> <span class='ocrx_word' id='word_1_26' title='bbox 1754 1317 2073 1392; x_wconf 89' lang='lat' dir='ltr'><strong>superna</strong></span> <span class='ocrx_word' id='word_1_27' title='bbox 2138 1296 2400 1371; x_wconf 88' lang='lat' dir='ltr'><strong>collata</strong></span> <span class='ocrx_word' id='word_1_28' title='bbox 2466 1296 2879 1390; x_wconf 85' lang='lat' dir='ltr'><strong>clementia,</strong></span> 
     </span>
     <span class='ocr_line' id='line_1_5' title="bbox 539 1414 2879 1521; baseline 0 -31"><span class='ocrx_word' id='word_1_29' title='bbox 539 1414 1028 1490; x_wconf 83' lang='lat' dir='ltr'><strong>sacerdotium</strong></span> <span class='ocrx_word' id='word_1_30' title='bbox 1065 1421 1140 1489; x_wconf 94' lang='lat' dir='ltr'><strong>et</strong></span> <span class='ocrx_word' id='word_1_31' title='bbox 1174 1415 1588 1510; x_wconf 90' lang='lat' dir='ltr'><strong>imperium.</strong></span> <span class='ocrx_word' id='word_1_32' title='bbox 1617 1415 1798 1490; x_wconf 84' lang='lat' dir='ltr'><strong>Illud</strong></span> <span class='ocrx_word' id='word_1_33' title='bbox 1826 1416 2124 1521; x_wconf 90' lang='lat' dir='ltr'><strong>quidem</strong></span> <span class='ocrx_word' id='word_1_34' title='bbox 2151 1417 2411 1491; x_wconf 89' lang='lat' dir='ltr'><strong>divinis</strong></span> <span class='ocrx_word' id='word_1_35' title='bbox 2438 1417 2879 1509; x_wconf 78' lang='lat' dir='ltr'><strong>ministranS,</strong></span> 
     </span>
     <span class='ocr_line' id='line_1_6' title="bbox 544 1536 2883 1633; baseline 0.001 -25"><span class='ocrx_word' id='word_1_36' title='bbox 544 1536 681 1610; x_wconf 84' lang='lat' dir='ltr'><strong>hoc</strong></span> <span class='ocrx_word' id='word_1_37' title='bbox 731 1544 986 1611; x_wconf 86' lang='lat' dir='ltr'><strong>autem</strong></span> <span class='ocrx_word' id='word_1_38' title='bbox 1040 1536 1382 1610; x_wconf 88' lang='lat' dir='ltr'><strong>humanis</strong></span> <span class='ocrx_word' id='word_1_39' title='bbox 1433 1537 1848 1632; x_wconf 81' lang='lat' dir='ltr'><strong>praesidenS,</strong></span> <span class='ocrx_word' id='word_1_40' title='bbox 1891 1557 1981 1611; x_wconf 89' lang='lat' dir='ltr'><strong>ex</strong></span> <span class='ocrx_word' id='word_1_41' title='bbox 2035 1557 2188 1611; x_wconf 93' lang='lat' dir='ltr'><strong>uno</strong></span> <span class='ocrx_word' id='word_1_42' title='bbox 2231 1537 2643 1630; x_wconf 90' lang='lat' dir='ltr'><strong>eodemque</strong></span> <span class='ocrx_word' id='word_1_43' title='bbox 2682 1538 2883 1633; x_wconf 90' lang='lat' dir='ltr'><strong>prin-</strong></span> 
     </span>
     <span class='ocr_line' id='line_1_7' title="bbox 538 1657 2880 1752; baseline 0 -21"><span class='ocrx_word' id='word_1_44' title='bbox 538 1657 726 1752; x_wconf 86' lang='lat' dir='ltr'><strong>cipio</strong></span> <span class='ocrx_word' id='word_1_45' title='bbox 778 1664 1098 1751; x_wconf 88' lang='lat' dir='ltr'><strong>utraque</strong></span> <span class='ocrx_word' id='word_1_46' title='bbox 1148 1658 1539 1733; x_wconf 84' lang='lat' dir='ltr'><strong>manantia.</strong></span> <span class='ocrx_word' id='word_1_47' title='bbox 1594 1659 1682 1730; x_wconf 92' lang='lat' dir='ltr'><strong>Et</strong></span> <span class='ocrx_word' id='word_1_48' title='bbox 1743 1657 2007 1750; x_wconf 80' lang='lat' dir='ltr'>subdit,</span> <span class='ocrx_word' id='word_1_49' title='bbox 2059 1658 2257 1751; x_wconf 91' lang='lat' dir='ltr'><strong>quod</strong></span> <span class='ocrx_word' id='word_1_50' title='bbox 2326 1678 2521 1732; x_wconf 89' lang='lat' dir='ltr'><strong>nunc</strong></span> <span class='ocrx_word' id='word_1_51' title='bbox 2586 1667 2880 1733; x_wconf 89' lang='lat' dir='ltr'><strong>contra-</strong></span> 
     </span>
     <span class='ocr_line' id='line_1_8' title="bbox 479 1778 2877 1875; baseline -0.001 -22"><span class='ocrx_word' id='word_1_52' title='bbox 479 1845 487 1853; x_wconf 93' lang='lat'><strong>.</strong></span> <span class='ocrx_word' id='word_1_53' title='bbox 543 1778 736 1851; x_wconf 91' lang='lat' dir='ltr'><strong>rium</strong></span> <span class='ocrx_word' id='word_1_54' title='bbox 804 1778 1064 1854; x_wconf 88' lang='lat' dir='ltr'><strong>accidit</strong></span> <span class='ocrx_word' id='word_1_55' title='bbox 1131 1778 1523 1873; x_wconf 88' lang='lat' dir='ltr'><strong>cupiditate</strong></span> <span class='ocrx_word' id='word_1_56' title='bbox 1585 1785 1661 1854; x_wconf 91' lang='lat' dir='ltr'><strong>et</strong></span> <span class='ocrx_word' id='word_1_57' title='bbox 1727 1778 2127 1853; x_wconf 80' lang='lat' dir='ltr'><strong>ambitione</strong></span> <span class='ocrx_word' id='word_1_58' title='bbox 2196 1779 2523 1875; x_wconf 86' lang='lat' dir='ltr'><strong>pastoris,</strong></span> <span class='ocrx_word' id='word_1_59' title='bbox 2592 1779 2877 1853; x_wconf 90' lang='lat' dir='ltr'><strong>dicens:</strong></span> 
     </span>
     <span class='ocr_line' id='line_1_9' title="bbox 538 1899 2879 1994; baseline 0 -24"><span class='ocrx_word' id='word_1_60' title='bbox 538 1901 583 1970; x_wconf 82' lang='grc' dir='ltr'><strong>ι’</strong></span> <span class='ocrx_word' id='word_1_61' title='bbox 607 1918 708 1970; x_wconf 82' lang='lat' dir='ltr'><strong>un</strong></span> <span class='ocrx_word' id='word_1_62' title='bbox 765 1901 810 1970; x_wconf 85' lang='lat' dir='ltr'><strong>l’</strong></span> <span class='ocrx_word' id='word_1_63' title='bbox 837 1901 1022 1973; x_wconf 79' lang='lat' dir='ltr'><strong>altro</strong></span> <span class='ocrx_word' id='word_1_64' title='bbox 1087 1901 1179 1970; x_wconf 83' lang='grc' dir='ltr'><strong>Ιια</strong></span> <span class='ocrx_word' id='word_1_65' title='bbox 1249 1906 1513 1991; x_wconf 76' lang='lat' dir='ltr'><strong>spenlo,</strong></span> <span class='ocrx_word' id='word_1_66' title='bbox 1575 1899 1866 1993; x_wconf 87' lang='lat' dir='ltr'><strong>scilicet,</strong></span> <span class='ocrx_word' id='word_1_67' title='bbox 1934 1919 2120 1994; x_wconf 88' lang='lat' dir='ltr'><strong>papa</strong></span> <span class='ocrx_word' id='word_1_68' title='bbox 2196 1899 2743 1994; x_wconf 82' lang='lat' dir='ltr'><strong>imperatorem,</strong></span> <span class='ocrx_word' id='word_1_69' title='bbox 2806 1903 2879 1973; x_wconf 91' lang='lat' dir='ltr'><strong>et</strong></span> 
     </span>
     <span class='ocr_line' id='line_1_10' title="bbox 538 2018 2877 2114; baseline 0 -23"><span class='ocrx_word' id='word_1_70' title='bbox 538 2018 936 2112; x_wconf 86' lang='lat' dir='ltr'><strong>imperator</strong></span> <span class='ocrx_word' id='word_1_71' title='bbox 985 2040 1273 2114; x_wconf 89' lang='lat' dir='ltr'><strong>papam,</strong></span> <span class='ocrx_word' id='word_1_72' title='bbox 1308 2019 1496 2093; x_wconf 88' lang='lat' dir='ltr'><strong>sicut</strong></span> <span class='ocrx_word' id='word_1_73' title='bbox 1529 2021 1762 2113; x_wconf 91' lang='lat' dir='ltr'><strong>patuit</strong></span> <span class='ocrx_word' id='word_1_74' title='bbox 1812 2019 1886 2093; x_wconf 93' lang='lat' dir='ltr'><strong>in</strong></span> <span class='ocrx_word' id='word_1_75' title='bbox 1936 2018 2306 2093; x_wconf 88' lang='lat' dir='ltr'><strong>Friderico</strong></span> <span class='ocrx_word' id='word_1_76' title='bbox 2342 2021 2398 2092; x_wconf 92' lang='lat' dir='ltr'><strong>ll</strong></span> <span class='ocrx_word' id='word_1_77' title='bbox 2452 2020 2579 2112; x_wconf 88' lang='lat' dir='ltr'><strong>qui</strong></span> <span class='ocrx_word' id='word_1_78' title='bbox 2631 2019 2877 2093; x_wconf 90' lang='lat' dir='ltr'><strong>omnia</strong></span> 
     </span>
     <span class='ocr_line' id='line_1_11' title="bbox 537 2138 2882 2236; baseline 0.001 -24"><span class='ocrx_word' id='word_1_79' title='bbox 537 2138 936 2233; x_wconf 84' lang='lat' dir='ltr'><strong>spiritualia</strong></span> <span class='ocrx_word' id='word_1_80' title='bbox 989 2139 1365 2235; x_wconf 84' lang='lat' dir='ltr'><strong>tyrannice</strong></span> <span class='ocrx_word' id='word_1_81' title='bbox 1417 2141 1822 2234; x_wconf 85' lang='lat' dir='ltr'><strong>usurpavit,</strong></span> <span class='ocrx_word' id='word_1_82' title='bbox 1873 2145 1948 2214; x_wconf 95' lang='lat' dir='ltr'><strong>et</strong></span> <span class='ocrx_word' id='word_1_83' title='bbox 1997 2139 2353 2236; x_wconf 84' lang='lat' dir='ltr'><strong>Gregorio</strong></span> <span class='ocrx_word' id='word_1_84' title='bbox 2403 2141 2503 2212; x_wconf 85' lang='lat' dir='ltr'><strong>lx</strong></span> <span class='ocrx_word' id='word_1_85' title='bbox 2564 2139 2693 2232; x_wconf 89' lang='lat' dir='ltr'><strong>qui</strong></span> <span class='ocrx_word' id='word_1_86' title='bbox 2756 2159 2882 2214; x_wconf 90' lang='lat' dir='ltr'><strong>oc-</strong></span> 
     </span>
     <span class='ocr_line' id='line_1_12' title="bbox 536 2254 2881 2354; baseline -0 -21"><span class='ocrx_word' id='word_1_87' title='bbox 536 2258 831 2353; x_wconf 87' lang='lat' dir='ltr'><strong>cupavit</strong></span> <span class='ocrx_word' id='word_1_88' title='bbox 881 2279 1199 2354; x_wconf 91' lang='lat' dir='ltr'><strong>regnum</strong></span> <span class='ocrx_word' id='word_1_89' title='bbox 1251 2259 1596 2334; x_wconf 87' lang='lat' dir='ltr'><strong>Friderici</strong></span> <span class='ocrx_word' id='word_1_90' title='bbox 1649 2280 1739 2335; x_wconf 92' lang='lat' dir='ltr'><strong>eo</strong></span> <span class='ocrx_word' id='word_1_91' title='bbox 1767 2254 1841 2351; x_wconf 88' lang='lat'><strong>(¹)</strong></span> <span class='ocrx_word' id='word_1_92' title='bbox 1895 2260 2219 2352; x_wconf 88' lang='lat' dir='ltr'><strong>absente,</strong></span> <span class='ocrx_word' id='word_1_93' title='bbox 2257 2266 2341 2331; x_wconf 91' lang='lat' dir='ltr'><strong>ut</strong></span> <span class='ocrx_word' id='word_1_94' title='bbox 2389 2259 2631 2336; x_wconf 79' lang='lat' dir='ltr'><strong>statim</strong></span> <span class='ocrx_word' id='word_1_95' title='bbox 2685 2257 2881 2332; x_wconf 90' lang='lat' dir='ltr'><strong>dice-</strong></span> 
     </span>
     <span class='ocr_line' id='line_1_13' title="bbox 537 2379 2875 2476; baseline -0 -25"><span class='ocrx_word' id='word_1_96' title='bbox 537 2385 678 2453; x_wconf 89' lang='lat' dir='ltr'><strong>tur.</strong></span> <span class='ocrx_word' id='word_1_97' title='bbox 751 2380 996 2453; x_wconf 89' lang='lat' dir='ltr'><strong>Potest</strong></span> <span class='ocrx_word' id='word_1_98' title='bbox 1054 2387 1302 2454; x_wconf 88' lang='lat' dir='ltr'><strong>tamen</strong></span> <span class='ocrx_word' id='word_1_99' title='bbox 1370 2379 1667 2476; x_wconf 86' lang='lat' dir='ltr'><strong>intelligi</strong></span> <span class='ocrx_word' id='word_1_100' title='bbox 1728 2380 2094 2476; x_wconf 85' lang='lat' dir='ltr'><strong>praecipue</strong></span> <span class='ocrx_word' id='word_1_101' title='bbox 2157 2379 2250 2454; x_wconf 94' lang='lat' dir='ltr'><strong>de</strong></span> <span class='ocrx_word' id='word_1_102' title='bbox 2302 2379 2691 2471; x_wconf 83' lang='lat' dir='ltr'><strong>Bonifacio,</strong></span> <span class='ocrx_word' id='word_1_103' title='bbox 2746 2379 2875 2472; x_wconf 87' lang='lat' dir='ltr'><strong>qui</strong></span> 
     </span>
     <span class='ocr_line' id='line_1_14' title="bbox 533 2499 2878 2597; baseline -0.001 -23"><span class='ocrx_word' id='word_1_104' title='bbox 533 2499 758 2574; x_wconf 83' lang='lat' dir='ltr'><strong>cinxit</strong></span> <span class='ocrx_word' id='word_1_105' title='bbox 807 2499 938 2574; x_wconf 90' lang='lat' dir='ltr'><strong>sibi</strong></span> <span class='ocrx_word' id='word_1_106' title='bbox 990 2520 1266 2593; x_wconf 83' lang='lat' dir='ltr'><strong>ensem,</strong></span> <span class='ocrx_word' id='word_1_107' title='bbox 1322 2506 1404 2573; x_wconf 88' lang='lat' dir='ltr'><strong>ut</strong></span> <span class='ocrx_word' id='word_1_108' title='bbox 1453 2500 1686 2596; x_wconf 87' lang='lat' dir='ltr'><strong>patuit</strong></span> <span class='ocrx_word' id='word_1_109' title='bbox 1741 2521 1961 2597; x_wconf 88' lang='lat' dir='ltr'><strong>supra</strong></span> <span class='ocrx_word' id='word_1_110' title='bbox 2015 2500 2331 2596; x_wconf 88' lang='lat' dir='ltr'><strong>capitulo</strong></span> <span class='ocrx_word' id='word_1_111' title='bbox 2384 2499 2492 2572; x_wconf 90' lang='lat' dir='ltr'><strong>Vl.</strong></span> <span class='ocrx_word' id='word_1_112' title='bbox 2546 2500 2715 2574; x_wconf 93' lang='lat' dir='ltr'><strong>Ideo</strong></span> <span class='ocrx_word' id='word_1_113' title='bbox 2766 2499 2878 2572; x_wconf 89' lang='lat' dir='ltr'><strong>di-</strong></span> 
     </span>
     <span class='ocr_line' id='line_1_15' title="bbox 535 2614 2881 2715; baseline -0.002 -21"><span class='ocrx_word' id='word_1_114' title='bbox 535 2619 669 2694; x_wconf 88' lang='lat' dir='ltr'><strong>cit:</strong></span> <span class='ocrx_word' id='word_1_115' title='bbox 723 2628 790 2694; x_wconf 81' lang='lat' dir='ltr'><strong>et</strong></span> <span class='ocrx_word' id='word_1_116' title='bbox 835 2614 880 2693; x_wconf 66' lang='lat' dir='ltr'><strong>e*</strong></span> <span class='ocrx_word' id='word_1_117' title='bbox 918 2624 1163 2711; x_wconf 65' lang='lat' dir='ltr'><strong>munta</strong></span> <span class='ocrx_word' id='word_1_118' title='bbox 1213 2625 1283 2694; x_wconf 84' lang='lat' dir='ltr'><strong>la</strong></span> <span class='ocrx_word' id='word_1_119' title='bbox 1332 2624 1590 2714; x_wconf 82' lang='lat' dir='ltr'><strong>spada,</strong></span> <span class='ocrx_word' id='word_1_120' title='bbox 1640 2621 1844 2713; x_wconf 88' lang='lat' dir='ltr'><strong>idest,</strong></span> <span class='ocrx_word' id='word_1_121' title='bbox 1897 2627 2215 2715; x_wconf 87' lang='lat' dir='ltr'><strong>potestas</strong></span> <span class='ocrx_word' id='word_1_122' title='bbox 2274 2619 2716 2714; x_wconf 84' lang='lat' dir='ltr'><strong>temporaliS,</strong></span> <span class='ocrx_word' id='word_1_123' title='bbox 2767 2622 2881 2692; x_wconf 83' lang='lat' dir='ltr'><strong>col</strong></span> 
     </span>
     <span class='ocr_line' id='line_1_16' title="bbox 527 2739 2875 2836; baseline 0 -25"><span class='ocrx_word' id='word_1_124' title='bbox 527 2743 918 2831; x_wconf 79' lang='lat' dir='ltr'><strong>pastorale,</strong></span> <span class='ocrx_word' id='word_1_125' title='bbox 971 2740 1173 2834; x_wconf 68' lang='lat' dir='ltr'><strong>idest,</strong></span> <span class='ocrx_word' id='word_1_126' title='bbox 1225 2761 1398 2815; x_wconf 88' lang='lat' dir='ltr'><strong>cum</strong></span> <span class='ocrx_word' id='word_1_127' title='bbox 1451 2745 1808 2835; x_wconf 70' lang='lat' dir='ltr'><strong>potestate</strong></span> <span class='ocrx_word' id='word_1_128' title='bbox 1859 2739 2234 2834; x_wconf 85' lang='lat' dir='ltr'><strong>spirituali,</strong></span> <span class='ocrx_word' id='word_1_129' title='bbox 2288 2760 2454 2833; x_wconf 85' lang='lat' dir='ltr'><strong>quae</strong></span> <span class='ocrx_word' id='word_1_130' title='bbox 2506 2739 2875 2836; x_wconf 86' lang='lat' dir='ltr'><strong>figuratur</strong></span> 
     </span>
     <span class='ocr_line' id='line_1_17' title="bbox 536 2858 2873 2955; baseline -0 -22"><span class='ocrx_word' id='word_1_131' title='bbox 536 2878 669 2953; x_wconf 91' lang='lat' dir='ltr'><strong>per</strong></span> <span class='ocrx_word' id='word_1_132' title='bbox 717 2859 1002 2955; x_wconf 84' lang='lat' dir='ltr'><strong>virgam</strong></span> <span class='ocrx_word' id='word_1_133' title='bbox 1059 2859 1518 2955; x_wconf 91' lang='lat' dir='ltr'><strong>pastoralem.</strong></span> <span class='ocrx_word' id='word_1_134' title='bbox 1574 2862 1726 2934; x_wconf 89' lang='lat' dir='ltr'><strong>Hoc</strong></span> <span class='ocrx_word' id='word_1_135' title='bbox 1779 2860 1970 2934; x_wconf 87' lang='lat' dir='ltr'><strong>idem</strong></span> <span class='ocrx_word' id='word_1_136' title='bbox 2012 2858 2182 2932; x_wconf 89' lang='lat' dir='ltr'><strong>vidit</strong></span> <span class='ocrx_word' id='word_1_137' title='bbox 2218 2859 2370 2954; x_wconf 91' lang='lat' dir='ltr'><strong>ipse</strong></span> <span class='ocrx_word' id='word_1_138' title='bbox 2404 2866 2617 2954; x_wconf 89' lang='lat' dir='ltr'><strong>poeta</strong></span> <span class='ocrx_word' id='word_1_139' title='bbox 2656 2860 2873 2954; x_wconf 91' lang='lat' dir='ltr'><strong>paulo</strong></span> 
     </span>
     <span class='ocr_line' id='line_1_18' title="bbox 535 2978 2874 3073; baseline -0.001 -20"><span class='ocrx_word' id='word_1_140' title='bbox 535 2984 697 3073; x_wconf 91' lang='lat' dir='ltr'><strong>post</strong></span> <span class='ocrx_word' id='word_1_141' title='bbox 762 2979 836 3052; x_wconf 92' lang='lat' dir='ltr'><strong>in</strong></span> <span class='ocrx_word' id='word_1_142' title='bbox 897 2980 1272 3055; x_wconf 89' lang='lat' dir='ltr'><strong>Clemente</strong></span> <span class='ocrx_word' id='word_1_143' title='bbox 1324 2981 1382 3053; x_wconf 91' lang='lat' dir='ltr'>V</span> <span class='ocrx_word' id='word_1_144' title='bbox 1442 2986 1698 3054; x_wconf 85' lang='lat' dir='ltr'><strong>eontra</strong></span> <span class='ocrx_word' id='word_1_145' title='bbox 1759 2978 2153 3054; x_wconf 88' lang='lat' dir='ltr'><strong>Henricum</strong></span> <span class='ocrx_word' id='word_1_146' title='bbox 2210 2979 2325 3072; x_wconf 91' lang='lat' dir='ltr'><strong>VI,</strong></span> <span class='ocrx_word' id='word_1_147' title='bbox 2384 2999 2557 3053; x_wconf 87' lang='lat' dir='ltr'><strong>cum</strong></span> <span class='ocrx_word' id='word_1_148' title='bbox 2625 2986 2874 3053; x_wconf 87' lang='lat' dir='ltr'><strong>tamen</strong></span> 
     </span>
     <span class='ocr_line' id='line_1_19' title="bbox 534 3097 2875 3194; baseline 0 -22"><span class='ocrx_word' id='word_1_149' title='bbox 534 3097 720 3172; x_wconf 91' lang='lat' dir='ltr'><strong>duos</strong></span> <span class='ocrx_word' id='word_1_150' title='bbox 768 3099 1044 3194; x_wconf 86' lang='lat' dir='ltr'><strong>gladios</strong></span> <span class='ocrx_word' id='word_1_151' title='bbox 1102 3101 1444 3175; x_wconf 85' lang='lat' dir='ltr'><strong>sufficere</strong></span> <span class='ocrx_word' id='word_1_152' title='bbox 1505 3098 1810 3194; x_wconf 89' lang='lat' dir='ltr'><strong>imperio</strong></span> <span class='ocrx_word' id='word_1_153' title='bbox 1874 3098 2267 3173; x_wconf 87' lang='lat' dir='ltr'><strong>christiano</strong></span> <span class='ocrx_word' id='word_1_154' title='bbox 2327 3098 2697 3194; x_wconf 86' lang='lat' dir='ltr'><strong>Evangelii</strong></span> <span class='ocrx_word' id='word_1_155' title='bbox 2764 3105 2875 3173; x_wconf 86' lang='lat' dir='ltr'><strong>te·-</strong></span> 
     </span>
     <span class='ocr_line' id='line_1_20' title="bbox 535 3217 2878 3309; baseline 0.001 -20"><span class='ocrx_word' id='word_1_156' title='bbox 535 3223 769 3292; x_wconf 89' lang='lat' dir='ltr'><strong>stetur</strong></span> <span class='ocrx_word' id='word_1_157' title='bbox 815 3219 1234 3294; x_wconf 64' lang='lat' dir='ltr'><strong>auctoritas</strong></span> <span class='ocrx_word' id='word_1_158' title='bbox 1287 3220 1459 3294; x_wconf 90' lang='lat' dir='ltr'><strong>Ideo</strong></span> <span class='ocrx_word' id='word_1_159' title='bbox 1508 3219 1716 3294; x_wconf 88' lang='lat' dir='ltr'><strong>dicit:</strong></span> <span class='ocrx_word' id='word_1_160' title='bbox 1761 3240 1800 3292; x_wconf 85' lang='lat' dir='ltr'><strong>e</strong></span> <span class='ocrx_word' id='word_1_161' title='bbox 1847 3221 1892 3290; x_wconf 85' lang='lat' dir='ltr'><strong>l’</strong></span> <span class='ocrx_word' id='word_1_162' title='bbox 1917 3239 2014 3292; x_wconf 85' lang='lat' dir='ltr'><strong>un</strong></span> <span class='ocrx_word' id='word_1_163' title='bbox 2061 3240 2100 3292; x_wconf 86' lang='lat' dir='ltr'><strong>e</strong></span> <span class='ocrx_word' id='word_1_164' title='bbox 2145 3221 2188 3292; x_wconf 74' lang='grc' dir='ltr'><strong><em>ἴ</em></strong></span> <span class='ocrx_word' id='word_1_165' title='bbox 2210 3221 2396 3290; x_wconf 84' lang='lat' dir='ltr'><strong>altro</strong></span> <span class='ocrx_word' id='word_1_166' title='bbox 2436 3221 2742 3309; x_wconf 78' lang='lat' dir='ltr'><strong>insieme,</strong></span> <span class='ocrx_word' id='word_1_167' title='bbox 2779 3217 2878 3292; x_wconf 90' lang='lat' dir='ltr'><strong>si-</strong></span> 
     </span>
     <span class='ocr_line' id='line_1_21' title="bbox 543 3338 2871 3435; baseline 0 -24"><span class='ocrx_word' id='word_1_168' title='bbox 543 3340 695 3411; x_wconf 91' lang='lat' dir='ltr'><strong>mul</strong></span> <span class='ocrx_word' id='word_1_169' title='bbox 747 3341 1073 3435; x_wconf 83' lang='lat' dir='ltr'><strong>confusa,</strong></span> <span class='ocrx_word' id='word_1_170' title='bbox 1119 3360 1251 3434; x_wconf 84' lang='lat' dir='ltr'><strong>per</strong></span> <span class='ocrx_word' id='word_1_171' title='bbox 1302 3344 1466 3414; x_wconf 82' lang='lat' dir='ltr'><strong>viva</strong></span> <span class='ocrx_word' id='word_1_172' title='bbox 1509 3344 1726 3434; x_wconf 84' lang='lat' dir='ltr'><strong>sorza</strong></span> <span class='ocrx_word' id='word_1_173' title='bbox 1777 3341 1925 3412; x_wconf 84' lang='lat' dir='ltr'><strong>mal</strong></span> <span class='ocrx_word' id='word_1_174' title='bbox 1957 3342 2249 3412; x_wconf 78' lang='lat' dir='ltr'><strong>convien</strong></span> <span class='ocrx_word' id='word_1_175' title='bbox 2287 3340 2406 3410; x_wconf 74' lang='lat' dir='ltr'><strong>che</strong></span> <span class='ocrx_word' id='word_1_176' title='bbox 2446 3342 2662 3430; x_wconf 86' lang='lat' dir='ltr'><strong>vada,</strong></span> <span class='ocrx_word' id='word_1_177' title='bbox 2698 3338 2871 3433; x_wconf 88' lang='lat' dir='ltr'><strong>quia</strong></span> 
     </span>
     <span class='ocr_line' id='line_1_22' title="bbox 539 3459 2877 3556; baseline 0 -23"><span class='ocrx_word' id='word_1_178' title='bbox 539 3480 685 3534; x_wconf 90' lang='lat' dir='ltr'><strong>non</strong></span> <span class='ocrx_word' id='word_1_179' title='bbox 735 3467 972 3556; x_wconf 86' lang='lat' dir='ltr'><strong>potest</strong></span> <span class='ocrx_word' id='word_1_180' title='bbox 1022 3483 1214 3535; x_wconf 91' lang='lat' dir='ltr'><strong>unus</strong></span> <span class='ocrx_word' id='word_1_181' title='bbox 1267 3472 1418 3538; x_wconf 89' lang='lat' dir='ltr'><strong>tam</strong></span> <span class='ocrx_word' id='word_1_182' title='bbox 1470 3461 1756 3535; x_wconf 89' lang='lat' dir='ltr'><strong>diversa</strong></span> <span class='ocrx_word' id='word_1_183' title='bbox 1807 3460 2047 3534; x_wconf 86' lang='lat' dir='ltr'><strong>officia</strong></span> <span class='ocrx_word' id='word_1_184' title='bbox 2112 3459 2303 3534; x_wconf 91' lang='lat' dir='ltr'><strong>bene</strong></span> <span class='ocrx_word' id='word_1_185' title='bbox 2361 3479 2734 3534; x_wconf 81' lang='lat' dir='ltr'><strong>exercere.</strong></span> <span class='ocrx_word' id='word_1_186' title='bbox 2789 3462 2877 3533; x_wconf 92' lang='lat' dir='ltr'><strong>Et</strong></span> 
     </span>
     <span class='ocr_line' id='line_1_23' title="bbox 535 3573 2876 3677; baseline -0 -21"><span class='ocrx_word' id='word_1_187' title='bbox 535 3581 856 3677; x_wconf 86' lang='lat' dir='ltr'><strong>assignat</strong></span> <span class='ocrx_word' id='word_1_188' title='bbox 905 3602 1230 3676; x_wconf 89' lang='lat' dir='ltr'><strong>causam,</strong></span> <span class='ocrx_word' id='word_1_189' title='bbox 1298 3582 1584 3657; x_wconf 88' lang='lat' dir='ltr'><strong>dicens:</strong></span> <span class='ocrx_word' id='word_1_190' title='bbox 1631 3573 1808 3674; x_wconf 77' lang='lat' dir='ltr'><strong>pero</strong></span> <span class='ocrx_word' id='word_1_191' title='bbox 1865 3584 1986 3653; x_wconf 78' lang='lat' dir='ltr'><strong>che</strong></span> <span class='ocrx_word' id='word_1_192' title='bbox 2042 3583 2291 3671; x_wconf 65' lang='lat' dir='ltr'><strong>munti,</strong></span> <span class='ocrx_word' id='word_1_193' title='bbox 2342 3580 2634 3674; x_wconf 73' lang='lat' dir='ltr'><strong>seilicet,</strong></span> <span class='ocrx_word' id='word_1_194' title='bbox 2686 3581 2876 3655; x_wconf 83' lang='lat' dir='ltr'><strong>ensis</strong></span> 
     </span>
     <span class='ocr_line' id='line_1_24' title="bbox 475 3701 2878 3798; baseline -0 -24"><span class='ocrx_word' id='word_1_195' title='bbox 475 3704 478 3707; x_wconf 64' lang='lat'>‘</span> <span class='ocrx_word' id='word_1_196' title='bbox 535 3708 610 3774; x_wconf 87' lang='lat' dir='ltr'><strong>et</strong></span> <span class='ocrx_word' id='word_1_197' title='bbox 659 3701 1039 3796; x_wconf 88' lang='lat' dir='ltr'><strong>pastoralis</strong></span> <span class='ocrx_word' id='word_1_198' title='bbox 1090 3702 1323 3798; x_wconf 86' lang='lat' dir='ltr'><strong>virga,</strong></span> <span class='ocrx_word' id='word_1_199' title='bbox 1375 3704 1420 3775; x_wconf 81' lang='lat' dir='ltr'><strong>l·</strong></span> <span class='ocrx_word' id='word_1_200' title='bbox 1445 3721 1540 3776; x_wconf 81' lang='lat' dir='ltr'><strong>un</strong></span> <span class='ocrx_word' id='word_1_201' title='bbox 1590 3704 1635 3773; x_wconf 80' lang='grc' dir='ltr'><strong>ι’</strong></span> <span class='ocrx_word' id='word_1_202' title='bbox 1660 3705 1848 3776; x_wconf 77' lang='lat' dir='ltr'><strong>altro</strong></span> <span class='ocrx_word' id='word_1_203' title='bbox 1896 3720 2040 3773; x_wconf 78' lang='lat' dir='ltr'><strong>non</strong></span> <span class='ocrx_word' id='word_1_204' title='bbox 2089 3707 2284 3791; x_wconf 81' lang='lat' dir='ltr'><strong>teme,</strong></span> <span class='ocrx_word' id='word_1_205' title='bbox 2340 3720 2474 3773; x_wconf 91' lang='lat' dir='ltr'><strong>nec</strong></span> <span class='ocrx_word' id='word_1_206' title='bbox 2528 3720 2878 3775; x_wconf 86' lang='lat' dir='ltr'><strong>reveren-</strong></span> 
     </span>
     <span class='ocr_line' id='line_1_25' title="bbox 538 3820 2869 3918; baseline -0.002 -22"><span class='ocrx_word' id='word_1_207' title='bbox 538 3828 679 3896; x_wconf 87' lang='lat' dir='ltr'><strong>tur.</strong></span> <span class='ocrx_word' id='word_1_208' title='bbox 731 3823 941 3911; x_wconf 86' lang='lat' dir='ltr'><strong>Quod</strong></span> <span class='ocrx_word' id='word_1_209' title='bbox 993 3823 1254 3918; x_wconf 88' lang='lat' dir='ltr'><strong>probat</strong></span> <span class='ocrx_word' id='word_1_210' title='bbox 1319 3842 1452 3917; x_wconf 87' lang='lat' dir='ltr'><strong>per</strong></span> <span class='ocrx_word' id='word_1_211' title='bbox 1511 3823 1935 3917; x_wconf 84' lang='lat' dir='ltr'><strong>exemplum</strong></span> <span class='ocrx_word' id='word_1_212' title='bbox 2001 3820 2096 3895; x_wconf 93' lang='lat' dir='ltr'><strong>de</strong></span> <span class='ocrx_word' id='word_1_213' title='bbox 2163 3821 2523 3915; x_wconf 87' lang='lat' dir='ltr'><strong>proximo,</strong></span> <span class='ocrx_word' id='word_1_214' title='bbox 2585 3821 2869 3895; x_wconf 88' lang='lat' dir='ltr'><strong>dicens:</strong></span> 
     </span>
     <span class='ocr_line' id='line_1_26' title="bbox 532 3940 2876 4036; baseline -0 -22"><span class='ocrx_word' id='word_1_215' title='bbox 532 3963 608 4015; x_wconf 77' lang='lat' dir='ltr'><strong>se</strong></span> <span class='ocrx_word' id='word_1_216' title='bbox 654 3962 800 4015; x_wconf 79' lang='lat' dir='ltr'><strong>non</strong></span> <span class='ocrx_word' id='word_1_217' title='bbox 849 3947 947 4017; x_wconf 83' lang='lat' dir='ltr'><strong>mi</strong></span> <span class='ocrx_word' id='word_1_218' title='bbox 993 3946 1212 4034; x_wconf 84' lang='lat' dir='ltr'><strong>credi,</strong></span> <span class='ocrx_word' id='word_1_219' title='bbox 1263 3942 1436 4036; x_wconf 91' lang='lat' dir='ltr'><strong>quia</strong></span> <span class='ocrx_word' id='word_1_220' title='bbox 1487 3942 1739 4015; x_wconf 87' lang='lat' dir='ltr'><strong>videar</strong></span> <span class='ocrx_word' id='word_1_221' title='bbox 1801 3941 1925 4015; x_wconf 88' lang='lat' dir='ltr'><strong>tibi</strong></span> <span class='ocrx_word' id='word_1_222' title='bbox 1990 3941 2213 4013; x_wconf 89' lang='lat' dir='ltr'><strong>homo</strong></span> <span class='ocrx_word' id='word_1_223' title='bbox 2278 3940 2596 4033; x_wconf 77' lang='lat' dir='ltr'><strong>curialiS,</strong></span> <span class='ocrx_word' id='word_1_224' title='bbox 2647 3960 2876 4013; x_wconf 84' lang='lat' dir='ltr'><strong>novo-</strong></span> 
     </span>
     <span class='ocr_line' id='line_1_27' title="bbox 536 4058 2872 4158; baseline -0.002 -20"><span class='ocrx_word' id='word_1_225' title='bbox 536 4084 706 4137; x_wconf 87' lang='lat' dir='ltr'><strong>rum</strong></span> <span class='ocrx_word' id='word_1_226' title='bbox 759 4063 990 4158; x_wconf 85' lang='lat' dir='ltr'><strong>fictor,</strong></span> <span class='ocrx_word' id='word_1_227' title='bbox 1032 4085 1185 4157; x_wconf 83' lang='lat' dir='ltr'><strong>pon</strong></span> <span class='ocrx_word' id='word_1_228' title='bbox 1232 4070 1452 4136; x_wconf 77' lang='lat' dir='ltr'><strong>mente</strong></span> <span class='ocrx_word' id='word_1_229' title='bbox 1498 4084 1547 4135; x_wconf 87' lang='lat' dir='ltr'><strong>a</strong></span> <span class='ocrx_word' id='word_1_230' title='bbox 1596 4066 1670 4135; x_wconf 84' lang='lat' dir='ltr'><strong>la</strong></span> <span class='ocrx_word' id='word_1_231' title='bbox 1700 4065 1929 4154; x_wconf 73' lang='lat' dir='ltr'><strong>spiya,</strong></span> <span class='ocrx_word' id='word_1_232' title='bbox 1981 4060 2186 4155; x_wconf 90' lang='lat' dir='ltr'><strong>idest,</strong></span> <span class='ocrx_word' id='word_1_233' title='bbox 2239 4061 2519 4155; x_wconf 88' lang='lat' dir='ltr'><strong>respice</strong></span> <span class='ocrx_word' id='word_1_234' title='bbox 2559 4061 2649 4133; x_wconf 89' lang='lat' dir='ltr'><strong>ad</strong></span> <span class='ocrx_word' id='word_1_235' title='bbox 2692 4058 2872 4134; x_wconf 81' lang='lat' dir='ltr'><strong>effe-</strong></span> 
     </span>
    </p>
   </div>
   <div class='ocr_carea' id='block_1_3' title="bbox 410 4176 2871 4279">
    <p class='ocr_par' dir='ltr' id='par_1_3' title="bbox 410 4176 2871 4279">
     <span class='ocr_line' id='line_1_28' title="bbox 410 4176 2871 4279; baseline -0.002 -20"><span class='ocrx_word' id='word_1_236' title='bbox 410 4176 414 4180; x_wconf 53' lang='lat'><strong><em>&#39;</em></strong></span> <span class='ocrx_word' id='word_1_237' title='bbox 533 4192 655 4259; x_wconf 86' lang='lat' dir='ltr'><strong>ctu</strong></span> <span class='ocrx_word' id='word_1_238' title='bbox 666 4207 763 4279; x_wconf 91' lang='lat' dir='ltr'><strong>m,</strong></span> <span class='ocrx_word' id='word_1_239' title='bbox 815 4188 919 4258; x_wconf 71' lang='lat' dir='ltr'><strong>cli’</strong></span> <span class='ocrx_word' id='word_1_240' title='bbox 942 4188 1111 4277; x_wconf 72' lang='lat' dir='ltr'><strong>oyni</strong></span> <span class='ocrx_word' id='word_1_241' title='bbox 1158 4185 1330 4257; x_wconf 84' lang='lat' dir='ltr'><strong>erba</strong></span> <span class='ocrx_word' id='word_1_242' title='bbox 1375 4186 1440 4256; x_wconf 82' lang='lat' dir='ltr'><strong>si</strong></span> <span class='ocrx_word' id='word_1_243' title='bbox 1485 4203 1772 4256; x_wconf 81' lang='lat' dir='ltr'><strong>conosce</strong></span> <span class='ocrx_word' id='word_1_244' title='bbox 1811 4203 1949 4274; x_wconf 83' lang='lat' dir='ltr'><strong>per</strong></span> <span class='ocrx_word' id='word_1_245' title='bbox 1990 4185 2058 4256; x_wconf 84' lang='lat' dir='ltr'><strong>lo</strong></span> <span class='ocrx_word' id='word_1_246' title='bbox 2098 4202 2301 4255; x_wconf 76' lang='lat' dir='ltr'><strong>seme.</strong></span> <span class='ocrx_word' id='word_1_247' title='bbox 2338 4182 2521 4255; x_wconf 90' lang='lat' dir='ltr'><strong>Nam</strong></span> <span class='ocrx_word' id='word_1_248' title='bbox 2573 4186 2871 4276; x_wconf 90' lang='lat' dir='ltr'><strong>propter</strong></span> 
     </span>
    </p>
   </div>
   <div class='ocr_carea' id='block_1_4' title="bbox 529 4301 2877 4881">
    <p class='ocr_par' dir='ltr' id='par_1_4' title="bbox 531 4301 2877 4521">
     <span class='ocr_line' id='line_1_29' title="bbox 532 4301 2877 4399; baseline -0.003 -19"><span class='ocrx_word' id='word_1_249' title='bbox 532 4305 967 4381; x_wconf 88' lang='lat' dir='ltr'><strong>discordiam</strong></span> <span class='ocrx_word' id='word_1_250' title='bbox 1019 4325 1188 4399; x_wconf 82' lang='lat' dir='ltr'><strong>quae</strong></span> <span class='ocrx_word' id='word_1_251' title='bbox 1240 4304 1373 4378; x_wconf 83' lang='lat' dir='ltr'><strong>fuit</strong></span> <span class='ocrx_word' id='word_1_252' title='bbox 1423 4303 1610 4378; x_wconf 91' lang='lat' dir='ltr'><strong>inter</strong></span> <span class='ocrx_word' id='word_1_253' title='bbox 1662 4322 1923 4397; x_wconf 89' lang='lat' dir='ltr'><strong>papam</strong></span> <span class='ocrx_word' id='word_1_254' title='bbox 1958 4310 2034 4377; x_wconf 87' lang='lat' dir='ltr'><strong>et</strong></span> <span class='ocrx_word' id='word_1_255' title='bbox 2066 4301 2517 4376; x_wconf 90' lang='lat' dir='ltr'><strong>Fridericum</strong></span> <span class='ocrx_word' id='word_1_256' title='bbox 2553 4302 2613 4372; x_wconf 94' lang='lat' dir='ltr'><strong>ll</strong></span> <span class='ocrx_word' id='word_1_257' title='bbox 2658 4303 2877 4373; x_wconf 88' lang='lat' dir='ltr'><strong>Lom-</strong></span> 
     </span>
     <span class='ocr_line' id='line_1_30' title="bbox 531 4422 2174 4521; baseline -0.004 -20"><span class='ocrx_word' id='word_1_258' title='bbox 531 4426 806 4521; x_wconf 88' lang='lat' dir='ltr'><strong>bardia,</strong></span> <span class='ocrx_word' id='word_1_259' title='bbox 856 4427 989 4501; x_wconf 89' lang='lat' dir='ltr'><strong>flos</strong></span> <span class='ocrx_word' id='word_1_260' title='bbox 1038 4424 1282 4518; x_wconf 85' lang='lat' dir='ltr'><strong>Italiae,</strong></span> <span class='ocrx_word' id='word_1_261' title='bbox 1338 4424 1471 4498; x_wconf 84' lang='lat' dir='ltr'><strong>fuit</strong></span> <span class='ocrx_word' id='word_1_262' title='bbox 1523 4423 1730 4516; x_wconf 89' lang='lat' dir='ltr'><strong>quasi</strong></span> <span class='ocrx_word' id='word_1_263' title='bbox 1780 4422 2174 4497; x_wconf 69' lang='lat' dir='ltr'><strong>destructa.</strong></span> 
     </span>
    </p>

    <p class='ocr_par' dir='ltr' id='par_1_5' title="bbox 529 4540 2875 4881">
     <span class='ocr_line' id='line_1_31' title="bbox 678 4540 2874 4638; baseline -0.002 -19"><span class='ocrx_word' id='word_1_264' title='bbox 678 4550 763 4619; x_wconf 79' lang='lat' dir='ltr'><strong>In</strong></span> <span class='ocrx_word' id='word_1_265' title='bbox 810 4550 924 4619; x_wconf 77' lang='lat' dir='ltr'><strong>sul</strong></span> <span class='ocrx_word' id='word_1_266' title='bbox 963 4567 1192 4638; x_wconf 82' lang='lat' dir='ltr'><strong>paese.</strong></span> <span class='ocrx_word' id='word_1_267' title='bbox 1231 4545 1373 4619; x_wconf 87' lang='lat' dir='ltr'><strong>Ista</strong></span> <span class='ocrx_word' id='word_1_268' title='bbox 1414 4549 1523 4618; x_wconf 89' lang='lat' dir='ltr'><strong>est</strong></span> <span class='ocrx_word' id='word_1_269' title='bbox 1564 4549 1830 4637; x_wconf 87' lang='lat' dir='ltr'><strong>quarta</strong></span> <span class='ocrx_word' id='word_1_270' title='bbox 1872 4548 1947 4616; x_wconf 89' lang='lat' dir='ltr'><strong>et</strong></span> <span class='ocrx_word' id='word_1_271' title='bbox 1991 4542 2242 4616; x_wconf 88' lang='lat' dir='ltr'><strong>ultima</strong></span> <span class='ocrx_word' id='word_1_272' title='bbox 2286 4561 2455 4635; x_wconf 87' lang='lat' dir='ltr'><strong>pars</strong></span> <span class='ocrx_word' id='word_1_273' title='bbox 2490 4540 2707 4613; x_wconf 91' lang='lat' dir='ltr'><strong>huius</strong></span> <span class='ocrx_word' id='word_1_274' title='bbox 2743 4560 2874 4614; x_wconf 92' lang='lat' dir='ltr'><strong>no-</strong></span> 
     </span>
     <span class='ocr_line' id='line_1_32' title="bbox 529 4662 2871 4762; baseline -0.003 -20"><span class='ocrx_word' id='word_1_275' title='bbox 529 4667 687 4742; x_wconf 89' lang='lat' dir='ltr'><strong>bilis</strong></span> <span class='ocrx_word' id='word_1_276' title='bbox 715 4666 1030 4762; x_wconf 87' lang='lat' dir='ltr'><strong>capituli,</strong></span> <span class='ocrx_word' id='word_1_277' title='bbox 1059 4666 1134 4740; x_wconf 91' lang='lat' dir='ltr'><strong>in</strong></span> <span class='ocrx_word' id='word_1_278' title='bbox 1170 4687 1315 4759; x_wconf 87' lang='lat' dir='ltr'><strong>qua</strong></span> <span class='ocrx_word' id='word_1_279' title='bbox 1351 4665 1469 4738; x_wconf 88' lang='lat' dir='ltr'><strong>hic</strong></span> <span class='ocrx_word' id='word_1_280' title='bbox 1505 4663 1758 4738; x_wconf 84' lang='lat' dir='ltr'><strong>nobilis</strong></span> <span class='ocrx_word' id='word_1_281' title='bbox 1783 4665 2070 4738; x_wconf 88' lang='lat' dir='ltr'><strong>Marcus</strong></span> <span class='ocrx_word' id='word_1_282' title='bbox 2095 4663 2186 4737; x_wconf 95' lang='lat' dir='ltr'><strong>ad</strong></span> <span class='ocrx_word' id='word_1_283' title='bbox 2215 4662 2655 4736; x_wconf 91' lang='lat' dir='ltr'><strong>dilatandam</strong></span> <span class='ocrx_word' id='word_1_284' title='bbox 2684 4662 2871 4735; x_wconf 88' lang='lat' dir='ltr'><strong>hanc</strong></span> 
     </span>
     <span class='ocr_line' id='line_1_33' title="bbox 534 4778 2875 4881; baseline -0.005 -17"><span class='ocrx_word' id='word_1_285' title='bbox 534 4788 917 4864; x_wconf 88' lang='lat' dir='ltr'><strong>materiam</strong></span> <span class='ocrx_word' id='word_1_286' title='bbox 945 4778 1047 4880; x_wconf 82' lang='lat'><strong>(²),</strong></span> <span class='ocrx_word' id='word_1_287' title='bbox 1100 4807 1234 4881; x_wconf 87' lang='lat' dir='ltr'><strong>pro</strong></span> <span class='ocrx_word' id='word_1_288' title='bbox 1285 4784 1839 4860; x_wconf 83' lang='lat' dir='ltr'><strong>confirmatione</strong></span> <span class='ocrx_word' id='word_1_289' title='bbox 1882 4783 2050 4858; x_wconf 89' lang='lat' dir='ltr'><strong>dicti</strong></span> <span class='ocrx_word' id='word_1_290' title='bbox 2087 4784 2201 4857; x_wconf 90' lang='lat' dir='ltr'><strong>sui</strong></span> <span class='ocrx_word' id='word_1_291' title='bbox 2236 4782 2578 4858; x_wconf 85' lang='lat' dir='ltr'><strong>describit</strong></span> <span class='ocrx_word' id='word_1_292' title='bbox 2631 4787 2875 4855; x_wconf 88' lang='lat' dir='ltr'><strong>muta-</strong></span> 
     </span>
    </p>
   </div>
   <div class='ocr_carea' id='block_1_5' title="bbox 2664 4945 2873 4955">
    <p class='ocr_par' dir='ltr' id='par_1_6' title="bbox 2664 4945 2873 4955">
     <span class='ocr_line' id='line_1_34' title="bbox 2664 4945 2873 4955; baseline 0 0"><span class='ocrx_word' id='word_1_293' title='bbox 2664 4945 2873 4955; x_wconf 95' lang='lat' dir='ltr'><strong> </strong></span> 
     </span>
    </p>
   </div>
   <div class='ocr_carea' id='block_1_6' title="bbox 658 5033 2422 5098">
    <p class='ocr_par' dir='ltr' id='par_1_7' title="bbox 658 5033 2422 5098">
     <span class='ocr_line' id='line_1_35' title="bbox 658 5033 2422 5098; baseline -0.009 -1"><span class='ocrx_word' id='word_1_294' title='bbox 658 5035 713 5098; x_wconf 83' lang='lat'><strong>(¹)</strong></span> <span class='ocrx_word' id='word_1_295' title='bbox 747 5038 857 5096; x_wconf 78' lang='lat'><strong>1¹⁷,</strong></span> <span class='ocrx_word' id='word_1_296' title='bbox 890 5036 1000 5098; x_wconf 70' lang='lat' dir='ltr'><strong>ipso</strong></span> <span class='ocrx_word' id='word_1_297' title='bbox 1031 5034 1254 5085; x_wconf 71' lang='lat' dir='ltr'><strong>absente.</strong></span> <span class='ocrx_word' id='word_1_298' title='bbox 1627 5034 1683 5096; x_wconf 81' lang='lat'><strong>(²)</strong></span> <span class='ocrx_word' id='word_1_299' title='bbox 1718 5039 1824 5093; x_wconf 79' lang='lat'><strong>¹1⁷,</strong></span> <span class='ocrx_word' id='word_1_300' title='bbox 1857 5033 2100 5085; x_wconf 74' lang='lat' dir='ltr'><strong>subtilem</strong></span> <span class='ocrx_word' id='word_1_301' title='bbox 2132 5034 2422 5084; x_wconf 72' lang='lat' dir='ltr'><strong>materiam.</strong></span> 
     </span>
    </p>
   </div>
   <div class='ocr_carea' id='block_1_7' title="bbox 4283 0 4357 6542">
    <p class='ocr_par' dir='ltr' id='par_1_8' title="bbox 4283 0 4357 6542">
     <span class='ocr_line' id='line_1_36' title="bbox 4283 0 4357 6542; baseline 0 0"><span class='ocrx_word' id='word_1_302' title='bbox 4283 0 4357 6542; x_wconf 95' lang='lat' dir='ltr'><strong> </strong></span> 
     </span>
    </p>
   </div>
  </div>
 </body>
</html>
