4392 6850
1191 988 1467 1043 (merus
1518 987 1833 1045 nmmos
1883 987 2271 1044 SECUNDUS.
2757 948 2896 1042 34'5

554 1131 895 1207 ferociter
943 1132 1257 1227 latravit,
1313 1133 1414 1207 sic
1466 1132 1700 1227 Pluto,
1755 1133 1856 1208 sic
1916 1133 2163 1209 caeteri
2216 1132 2556 1208 custodes
2608 1131 2897 1226 inferni,

554 1259 636 1327 ut
684 1253 778 1328 de
826 1252 1285 1328 Barbariccia
1339 1253 1515 1327 nihil
1565 1254 1826 1350 dicam,
1879 1256 2006 1349 qui
2073 1260 2225 1329 tam
2288 1253 2685 1329 bestialiter
2735 1253 2901 1349 pul-

553 1374 753 1448 sabat
806 1375 1161 1448 tubetam.
1217 1374 1305 1447 Et
1354 1374 1470 1448 hic
1523 1381 1691 1448 nota
1745 1375 1941 1469 quod
1983 1377 2122 1451 hoc
2188 1381 2426 1450 totum
2473 1382 2583 1450 est
2635 1394 2896 1449 verum

554 1493 952 1588 moraliter,
1005 1494 1179 1589 quia
1244 1494 1369 1588 qui
1435 1492 1656 1568 intrat
1722 1494 2224 1589 poenitentiam
2298 1494 2732 1587 voluntarie,
2786 1492 2898 1566 in-

554 1621 698 1689 trat
730 1617 902 1689 cum
938 1613 1210 1711 gaudio
1263 1614 1526 1688 mentis
1576 1633 1669 1688 ex
1710 1615 2120 1710 devotione,
2167 1621 2481 1711 purgata
2519 1613 2898 1689 conscien-

555 1734 686 1830 tia3
723 1735 849 1829 qui
887 1754 1066 1809 vero
1118 1733 1341 1808 intrat
1391 1754 1708 1829 poenam,
1763 1754 1933 1829 quae
1985 1742 2065 1807 ut
2105 1734 2519 1830 plurimum
2560 1752 2899 1808 necessa-

557 1854 667 1929 rio
718 1854 1051 1949 sequitur
1099 1855 1191 1928 ad
1242 1856 1559 1950 culpam,
1600 1855 1823 1929 intrat
1858 1874 2030 1929 cum
2076 1856 2369 1951 planctu
2412 1838 2527 1930 vel
2564 1855 2895 1949 querela,

556 1975 728 2071 quia
779 1976 1080 2073 gulosus
1132 1976 1270 2050 sub
1320 1976 1589 2071 pluvia,
1638 1976 1823 2050 idest
1877 1976 2252 2071 multiplici
2304 1975 2659 2070 passione,
2700 1974 2896 2048 dolet

554 2102 628 2173 et
677 2096 981 2189 clamat3
1045 2095 1468 2171 luxuriosus
1526 2117 1697 2171 cum
1763 2096 1961 2186 venit
2010 2096 2102 2171 ad
2158 2095 2447 2171 ruinam
2507 2096 2739 2188 venti3
2791 2094 2895 2169 ita

554 2217 899 2313 prodigus
950 2223 1024 2291 et
1073 2237 1347 2290 avarus
1397 2216 1523 2310 qui
1577 2222 1725 2291 tam
1764 2218 2031 2291 acerbe
2070 2216 2521 2291 contendunt
2547 2215 2746 2289 -inter
2781 2234 2894 2310 se3

555 2337 653 2412 ita
691 2336 816 2431 qui
868 2336 1186 2411 bulliunt
1245 2336 1318 2409 in
1378 2336 1737 2433 sanguine
1797 2342 1870 2411 et
1930 2336 2056 2431 qui
2096 2336 2520 2410 aduruntur
2578 2356 2622 2409 a
2684 2335 2899 2408 flam-

421 2482 425 2485 ·
559 2455 719 2549 miS,
748 2463 823 2530 et
860 2455 958 2530 ita
994 2455 1086 2531 de
1118 2454 1424 2530 caeteriS.
1444 2495 1545 2508 —
1567 2446 1721 2529 Gid.
1760 2455 1890 2531 Hic
1923 2460 2135 2550 poeta
2171 2454 2512 2530 describit
2546 2454 2891 2529 effectum

556 2574 1037 2691 ventilationis
1090 2575 1296 2649 factae
1347 2575 1443 2649 ab
1493 2576 1780 2671 angelo,
1834 2576 2004 2670 quia
2059 2576 2301 2649 statim
2358 2576 2588 2650 factus
2638 2572 2749 2650 est
2790 2575 2898 2650 le-

557 2696 708 2791 vis3
762 2695 924 2771 ideo
975 2696 1154 2792 petit
1210 2715 1254 2769 a
1307 2694 1606 2793 Virgilio
1665 2716 1965 2771 causam
2029 2717 2182 2770 suae
2245 2696 2769 2789 alleviationis3
2823 2703 2898 2772 et

558 2817 677 2892 ille
726 2817 1047 2914 assignat
1096 2836 1351 2891 veram
1404 2837 1730 2910 causam,
1769 2817 1964 2892 unde
2003 2815 2212 2891 dicit:
2273 2808 2406 2890 Gid
2457 2824 2884 2908 montavam,

556 2936 846 3030 scilicet,
897 2937 990 3011 ad
1041 2937 1446 3011 secundum
1501 2938 1886 3033 circulum,
1931 2958 2012 3011 su
2057 2960 2189 3030 per
2238 2942 2289 3013 li
2336 2939 2650 3031 scaylioh
2682 2942 2892 3031 santi,

555 3057 757 3153 idest,
809 3078 942 3153 per
991 3058 1266 3154 gradus
1315 3059 1657 3133 secundae
1716 3060 1953 3154 scalae,
2019 3080 2186 3154 quae
2247 3059 2446 3134 ducit
2508 3057 2601 3134 ad
2661 3059 2896 3155 poeni-

557 3179 855 3254 tentiam
909 3179 1211 3254 alterius
1261 3179 1436 3273 vitii,
1489 3187 1565 3254 et
1627 3180 1728 3255 sic
1788 3180 2019 3255 reddit
2077 3187 2477 3277 purgatum
2531 3186 2894 3273 sanctum,

554 3302 644 3374 ed
687 3320 878 3373 esser
926 3302 1024 3373 mi
1061 3320 1309 3393 parea·
1343 3307 1597 3393 troppo
1641 3295 1764 3393 piei
1814 3303 2006 3393 lieve,
2043 3309 2116 3376 et
2158 3301 2261 3376 sic
2301 3309 2461 3375 erat
2502 3300 2574 3374 in
2620 3301 2727 3375 rei
2767 3320 2899 3376 ve-

557 3418 792 3515 ritate,
844 3419 1017 3515 quia
1069 3419 1507 3516 deposuerat
1554 3441 1785 3518 grave
1833 3443 2096 3495 saxum
2151 3420 2535 3517 superbiae,
2580 3423 2700 3495 clue
2747 3442 2890 3494 non

554 3543 650 3614 mi
683 3562 917 3634 parea
967 3543 1262 3615 davanti
1291 3563 1424 3635 per
1474 3544 1544 3615 lo
1583 3545 1832 3634 piano,
1868 3542 2076 3636 idest,
2112 3544 2333 3638 paulo
2367 3550 2539 3617 ante
2575 3564 2706 3638 per
2743 3543 2897 3639 pla·

555 3660 806 3737 nitiem
858 3662 1115 3736 insulae
1165 3670 1560 3757 antequam
1615 3663 2034 3759 perveniret
2092 3664 2184 3738 ad
2247 3669 2599 3738 montem.
2653 3664 2740 3738 Et
2789 3663 2901 3739 di-

555 3780 697 3855 cit:
762 3784 924 3856 ond'
948 3785 1068 3875 ἑο,-
1128 3783 1405 3878 supple,
1473 3783 1738 3878 petivi:
1813 3792 2144 3874 maescro,
2211 3783 2414 3877 idest,
2487 3804 2534 3858 o
2597 3781 2894 3880 Virgili3

554 3903 675 3993 αι’,
728 3906 898 3995 qual
957 3924 1124 3978 cosa
1184 3924 1397 3995 φουρ
1451 3906 1509 3977 s’
1534 3897 1579 3976 e*
1622 3906 1848 3978 levata
1908 3906 2007 3977 da
2061 3926 2193 3996 me,
2265 3907 2383 3978 che
2450 3907 2653 3996 quasi
2699 3907 2897 3977 nulla

548 4025 769 4117 salica
816 4025 881 4096 si
924 4026 1150 4097 riceve
1192 4044 1326 4115 per
1357 4044 1466 4096 me
1495 4026 1898 4097 undando?
1939 4024 2299 4121 intelligas
2341 4023 2765 4118 respective.
2804 4022 2894 4096 Et

555 4143 756 4239 ponit
807 4144 1352 4240 responsionem
1405 4143 1679 4241 Virgilii
1731 4143 1857 4238 qui
1904 4145 2226 4242 assignat
2262 4164 2560 4219 causam
2615 4150 2689 4219 et
2739 4145 2898 4240 pol-

557 4264 819 4340 licetur
887 4264 1265 4340 meliorem
1336 4284 1589 4360 spem3
1669 4265 1864 4340 unde
1931 4265 2143 4340 dicit:
2229 4267 2549 4358 rispose:
2614 4266 2900 4359 quando

555 4387 583 4457 i
630 4389 718 4476 P,
769 4387 890 4458 che
936 4407 1069 4459 son
1115 4389 1366 4459 rimas-i
1413 4406 1636 4458 ancor
1684 4387 1800 4458 nel
1847 4389 2030 4459 volto
2090 4393 2232 4477 tue,
2274 4385 2478 4479 idest,
2531 4405 2704 4460 cum
2769 4405 2898 4461 sex

554 4512 852 4601 peccata
937 4506 1272 4583 mortalia
1358 4505 1691 4603 insignita
1766 4505 1839 4579 in
1919 4505 2156 4581 fronte
2233 4512 2401 4600 tua,
2465 4527 2712 4599 presso
2783 4510 2903 4581 che

552 4628 762 4719 scinu,
813 4625 1016 4720 idest,
1071 4627 1282 4721 quasi
1334 4624 1652 4720 mortua,
1678 4626 1836 4723 jam
1877 4626 2310 4702 mortificata
2360 4625 2604 4701 radice
2637 4648 2903 4723 super-

557 4746 725 4838 biae,
791 4745 883 4821 de
958 4767 1103 4841 qua
1169 4747 1602 4823 alimentum
1671 4746 2098 4841 trahebant,
2164 4767 2489 4821 sar-anno
2559 4750 2674 4822 del
2740 4756 2907 4823 tutto

553 4870 731 4958 rasi,
784 4865 990 4960 idest,
1038 4867 1333 4962 abolita,
1409 4888 1603 4941 come
1662 4869 1707 4940 l’
1734 4887 1854 4958 tm,
1906 4867 2198 4962 scilicet,
2252 4869 2331 4963 P,
2384 4866 2591 4962 idest,
2642 4889 2903 4964 pecca-

560 4994 717 5061 tum
772 4986 1139 5081 superbiae
1188 4994 1298 5063 est
1348 4986 1647 5062 omnino
1698 4986 2046 5061 abrasum
2107 4988 2204 5063 ab
2265 4988 2381 5063 ala
2444 4987 2708 5085 angeli,
2755 4991 2895 5082 fien

557 5110 608 5182 li
656 5109 803 5181 moi
842 5103 982 5200 pie,
1026 5106 1229 5204 idest,
1270 5107 1714 5203 affectiones,
1747 5099 1807 5182 εὶ
1841 5111 2010 5183 vinti
2038 5111 2169 5183 dal
2195 5110 2380 5183 buon
2420 5111 2641 5200 voler,
2690 5110 2901 5203 quasi
