4392 6850
1459 976 1737 1031 CANTUs
1787 975 2073 1030 mimus.
2854 964 2945 1029 45

597 1115 818 1195 etiam
871 1140 914 1194 a
966 1121 1180 1194 simili
1231 1121 1304 1193 in
1357 1121 1544 1196 mari
1599 1121 1830 1194 siculo
1882 1121 2114 1194 insula
2149 1120 2453 1194 Vulcani
2491 1121 2758 1195 dicitur
2790 1139 2953 1194 esse

597 1261 830 1314 unum
886 1243 1154 1315 ostium
1209 1243 1495 1336 inferni,
1538 1241 1712 1336 quia
1764 1262 1858 1316 ex
1909 1262 1990 1316 se
2041 1241 2305 1314 emittit
2355 1241 2677 1316 tonitrua
2722 1249 2799 1316 et
2840 1243 2953 1316 in·-

596 1362 875 1455 cendia,
931 1363 1002 1435 in
1058 1384 1279 1457 quem
1335 1365 1580 1437 locum
1649 1363 1898 1436 anima
1947 1362 2376 1437 Theodorici
2439 1363 2629 1459 regis
2688 1365 2953 1458 gotho-

602 1503 770 1555 rum
815 1483 966 1558 visa
1011 1493 1122 1560 est
1154 1484 1484 1580 demergi
1531 1483 1822 1558 cuidam
1863 1490 2114 1558 sancto
2149 1485 2503 1558 eremitae.
2540 1485 2663 1557 Est
2696 1490 2947 1558 autem

595 1623 811 1696 poena
855 1603 1258 1700 purgatorii
1296 1604 1724 1697 durissima3
1779 1625 1946 1678 nam
1993 1603 2447 1699 Augustinus
2498 1605 2571 1677 in
2622 1605 2943 1697 quodam

593 1745 938 1800 sermone
975 1725 1147 1798 dicit
1191 1723 1389 1818 quod
1423 1724 1544 1799 ille
1595 1725 1780 1821 ignis
1831 1731 1938 1800 est
1972 1725 2229 1799 durior
2263 1746 2485 1819 quam
2540 1725 2942 1820 quicquam

598 1865 984 1940 poenarum
1039 1845 1115 1919 in
1165 1845 1306 1919 hoc
1357 1845 1627 1919 saeculo
1679 1845 1842 1938 quis
1894 1845 2114 1939 possit
2165 1845 2446 1938 audire,
2499 1843 2773 1937 videre,
2828 1844 2946 1917 vel

597 1965 944 2062 cogitare.
1015 1967 1122 2040 Ex
1192 1966 1302 2038 his
1364 1985 1546 2062 ergo
1625 1966 2001 2040 evidenter
2075 1970 2381 2060 apparet
2449 1963 2647 2058 quod
2726 1971 2946 2036 autor

597 2085 942 2188 describit
992 2085 1106 2159 hic
1155 2085 1398 2160 locum
1452 2087 1856 2181 purgatorii
1895 2085 2293 2160 moraliter.
2330 2087 2419 2160 Et
2461 2085 2721 2158 ultimo
2765 2085 2949 2158 Cato

595 2205 719 2278 dat
771 2204 1070 2280 tertium
1122 2213 1196 2279 et
1249 2206 1588 2279 ultimum
1644 2207 2173 2281 documentum
2226 2206 2612 2302 optimum,
2654 2204 2943 2279 dicens:

589 2329 834 2418 poscia
885 2345 1028 2397 non
1075 2329 1186 2398 sia
1235 2327 1312 2398 di
1360 2346 1518 2417 quar
1551 2334 1793 2399 vostra
1841 2329 2147 2418 redde'ta,
2189 2327 2363 2420 quia
2401 2327 2626 2400 homo
2661 2325 2947 2420 ingres-

593 2465 718 2519 sus
763 2445 1306 2540 purgatorium,
1357 2445 1540 2520 idest
1591 2447 2116 2541 poenitentiam,
2171 2468 2314 2520 non
2368 2446 2587 2521 debet
2628 2446 2941 2542 amplius

595 2565 835 2639 redire
903 2586 1164 2640 versus
1227 2566 1618 2661 infernum,
1673 2568 1876 2659 idest,
1944 2567 2136 2662 vitia,
2187 2589 2233 2642 a
2297 2568 2567 2661 quibus
2619 2567 2936 2642 recessit.

595 2687 678 2758 Et
746 2687 1136 2781 respondet
1198 2688 1580 2781 quaestioni
1635 2689 1892 2782 tacitae,
1945 2687 2116 2780 quia
2177 2695 2423 2784 posset
2474 2689 2718 2763 dicere
2781 2689 2945 2763 Vir-

593 2807 856 2902 gilius:
911 2813 984 2881 et
1035 2807 1198 2900 quis
1247 2808 1512 2904 diriget
1563 2829 1696 2882 nos
1747 2809 1820 2881 in
1854 2809 2046 2882 viam
2101 2807 2451 2882 virtutis?
2503 2809 2939 2903 respondet:

595 2929 662 3000 lo
710 2931 841 3018 sol,
877 2930 996 3000 che
1027 2949 1240 3018 surqe
1287 2932 1504 3019 omni,
1555 2930 1740 3004 idest
1791 2929 2034 3023 incipit
2075 2929 2253 3002 oriri
2298 2935 2454 3023 post
2488 2929 2936 3021 Luciferum,

593 3051 663 3119 vi
711 3039 1058 3122 mostrerd
1086 3053 1398 3143 prender
1440 3054 1509 3123 lo
1543 3059 1796 3140 monle,
1834 3050 2036 3145 idest,
2077 3050 2323 3124 radius
2366 3049 2629 3124 divinae
2683 3051 2939 3146 gratiae

593 3169 718 3262 qui
767 3170 1008 3244 oritur
1059 3171 1132 3243 in
1185 3171 1552 3247 intellectu
1607 3173 1862 3248 talium
1920 3171 2287 3245 viatorum
2354 3169 2688 3246 ostendet
2738 3169 2943 3245 vobis

591 3288 910 3362 arduum
965 3289 1103 3364 iter
1152 3291 1462 3364 virtutis.
1525 3294 1613 3364 Et
1668 3293 1884 3366 dicit:
1950 3313 1998 3364 a
2055 3287 2179 3383 ρίἰι
2248 3293 2417 3363 lieve
2474 3293 2710 3380 salica,
2762 3291 2947 3366 idest

591 3411 902 3507 carpetis
957 3419 1305 3507 montem,
1348 3414 1468 3488 ubi
1514 3413 1892 3488 invenietis
1943 3413 2138 3488 viam
2193 3405 2941 3487 faciliorem—cosi.

591 3534 798 3607 Nunc
849 3542 1062 3629 poeta
1105 3534 1410 3629 intendit
1442 3535 1829 3609 ostendere
1864 3534 2180 3629 qualiter
2214 3533 2558 3630 Virgilius
2592 3533 2947 3627 adimple-

590 3654 778 3728 verit
828 3662 1188 3748 praecepta
1241 3655 1531 3728 Catonis
1583 3675 1760 3750 erga
1811 3676 1922 3748 se3
1975 3661 2050 3728 et
2099 3654 2338 3749 primo
2391 3653 2703 3727 ostendit
2752 3672 2943 3747 quo·

595 3774 811 3847 modo
862 3775 1385 3868 praeparaverit
1443 3794 1522 3849 se
1589 3775 1680 3848 ad
1754 3774 2241 3870 recipiendam
2304 3774 2751 3868 disciplinam
2822 3773 2937 3846 sui

589 3893 815 3967 ducis,
867 3893 1070 3967 Unde
1121 3895 1552 3968 continuans
1602 3894 1792 3968 dicta
1855 3894 2194 3988 dicendiS‚
2247 3894 2463 3969 dicit:
2516 3887 2659 3966 cosi
2712 3886 2940 3987 spari,

590 4013 860 4088 scilicet
911 4014 1029 4088 ille
1079 4014 1278 4107 Cato,
1331 4022 1398 4088 ec
1451 4019 1522 4087 io
1583 4036 1682 4107 su,
1733 4018 1830 4087 mi
1890 4018 2094 4107 levai,
2165 4014 2336 4108 quia
2402 4014 2641 4108 primo
2702 4014 2941 4087 stabat

588 4154 812 4229 super
859 4155 1105 4231 genua
1159 4157 1290 4209 sua
1348 4142 1777 4210 reverenter
1827 4143 2001 4209 ante
2053 4136 2429 4229 Catonem,
2481 4156 2697 4207 senza
2755 4154 2939 4225 par-

587 4258 762 4347 lare,
815 4264 1210 4351 expectans
1265 4256 1478 4330 tacite
1513 4263 1588 4331 et
1627 4262 1908 4331 attente
1941 4255 2116 4351 quid
2165 4254 2315 4328 dux
2370 4260 2561 4329 esset
2610 4260 2939 4346 acturus,

587 4398 626 4450 e
671 4385 838 4451 tutto
901 4381 1000 4449 mi
1057 4380 1343 4450 ritrassi
1408 4380 1486 4450 αἱ
1543 4379 1723 4451 duca
1794 4380 1960 4469 mic,
2027 4376 2201 4470 quia
2262 4375 2624 4451 contraxit
2681 4394 2941 4447 omnes

587 4498 779 4571 vires
849 4498 1150 4571 rationis
1216 4498 1290 4570 in
1360 4518 1592 4570 unum
1661 4496 2019 4571 meditans
2087 4498 2281 4571 circa
2359 4514 2636 4567 novum
2708 4512 2933 4587 onus;

589 4617 782 4691 unde
829 4616 1049 4689 dicit:
1100 4639 1138 4688 e
1185 4620 1287 4708 qli
1322 4620 1516 4689 occhi
1557 4638 1605 4689 a
1639 4621 1735 4690 lui
1765 4621 2074 4708 drizzai,
2111 4615 2319 4711 quasi
2357 4614 2725 4689 dicerem:
2762 4632 2939 4688 ecce

585 4758 708 4813 me
759 4746 1100 4833 paratum
1155 4738 1401 4813 facere
1449 4738 1875 4812 obedienter
1924 4738 2172 4813 omnia
2216 4738 2595 4832 imperata.
2636 4736 2721 4807 Et
2758 4756 2939 4809 con-

589 4860 796 4934 tinuo
847 4859 1224 4955 subiungit
1273 4867 1722 4954 praeceptum
1779 4858 2075 4954 Virgilii,
2117 4858 2404 4933 dicens:
2458 4861 2522 4929 ei
2570 4852 2931 4947 cominct'd,

587 4981 860 5056 scilicet
909 4981 1028 5055 ille
1071 4980 1408 5077 Virgilius
1443 4980 1664 5075 coepit
1697 4979 1942 5053 dicere
1975 4980 2453 5074 praeceptive:
2490 4979 2684 5069 sequi
2714 4980 2742 5049 i
2774 4978 2933 5049 miei

584 5104 806 5195 passi,
860 5100 1031 5194 quia
1083 5102 1140 5173 si
1191 5120 1486 5196 semper
1537 5106 1836 5173 secutus
1885 5120 1965 5173 es
2023 5120 2156 5195 per
2209 5100 2603 5191 infernum,
2657 5102 2933 5191 quanto
