4392 6850
1402 977 1502 1044 62
2133 988 2542 1044 COMENTUM
2594 989 3029 1044 PURGA'ronn

1401 1135 1843 1231 generaliter
1893 1140 2004 1209 est
2053 1133 2385 1229 imbelliS,
2437 1133 2597 1210 vilis
2662 1140 2735 1210 et
2798 1133 3060 1228 tristis3
3116 1132 3334 1228 unde,
3395 1139 3480 1207 ut
3536 1133 3753 1208 omit-

1402 1261 1556 1330 tam
1616 1255 2026 1330 testimonia
2085 1255 2331 1330 Sacrae
2392 1255 2807 1350 Scriptura),
2860 1254 3230 1330 Juvenalis
3298 1261 3511 1349 poeta
3578 1255 3745 1330 irri-

1403 1373 1530 1449 det
1555 1369 1630 1468 (¹)
1691 1396 1901 1450 sacra
1963 1376 2477 1473 aegyptiorum,
2530 1376 2658 1470 qui
2706 1377 2957 1450 colunt
3020 1395 3155 1470 pro
3216 1375 3347 1448 diis
3406 1395 3625 1450 canes
3664 1385 3751 1452 .et

1399 1503 1800 1590 serpentes.
1853 1495 2215 1570 Adrianus
2273 1495 2495 1570 etiam
2548 1495 2945 1591 imperator
2995 1516 3372 1589 romaum,
3436 1517 3749 1593 magnus

1403 1622 1642 1710 poeta,
1685 1623 1760 1690 et
1800 1616 1913 1690 vir
1954 1623 2156 1690 certe
2190 1636 2477 1711 magnae
2518 1615 3009 1711 intelligentiae
3048 1621 3123 1690 et
3155 1615 3584 1710 prudentiae‚
3622 1615 3745 1710 qui

1405 1735 1568 1832 plus
1628 1734 2169 1831 perambulavit
2218 1735 2625 1830 provincias
2680 1755 3044 1828 romanas,
3096 1755 3324 1828 quam
3391 1755 3743 1829 umquam

1403 1855 1595 1928 alius
1645 1855 2004 1950 princeps,
2066 1854 2471 1929 detestatur
2529 1853 2741 1929 valde
2802 1873 3047 1928 mores
3112 1854 3603 1950 aegyptiorum
3674 1855 3749 1928 in

1409 1974 1709 2069 epistola
1763 1974 2083 2069 quadam
2135 1994 2361 2069 quam
2414 1973 2661 2047 scribit
2710 1972 2803 2046 ad
2865 1974 3213 2068 amicum,
3264 1973 3453 2048 sicut
3504 1973 3751 2048 scribit

1405 2094 1638 2168 AElius
1707 2093 2114 2189 spartianus
2183 2093 2255 2167 in
2328 2093 2473 2167 vita
2534 2093 2733 2186 eius;
2796 2099 2871 2167 et
2938 2100 3023 2167 ut
3084 2093 3517 2168 concludam
3575 2115 3745 2168 cum

1405 2214 1638 2288 Tullio
1714 2214 1786 2286 in
1863 2233 1999 2287 suo
2067 2214 2479 2288 Tusculano
2547 2213 2733 2288 libro
2793 2212 2853 2284 V
2912 2213 3449 2309 aegyptiorum:
3520 2233 3750 2287 mores

1399 2338 1557 2426 quis
1604 2337 1894 2426 iquorat
1907 2341 1943 2407 ?
1993 2354 2291 2426 quorum
2339 2335 2611 2406 imbutoe
2662 2339 2914 2406 mentes
2944 2335 3325 2426 pravitatis
3366 2333 3745 2406 erroribus.

1405 2453 1764 2549 AEgyptus
1815 2475 1996 2550 ergo
2048 2452 2577 2527 maleficiorum
2634 2461 2894 2547 mater,
2949 2453 3075 2546 qui
3130 2471 3274 2525 non
3335 2452 3575 2537 solum
3629 2473 3746 2528 re-

1405 2572 1750 2647 stiterunt
1775 2565 1850 2666 (²)
1885 2573 2130 2670 Moysi,
2166 2573 2294 2646 sed
2328 2593 2501 2646 cum
2536 2591 2627 2646 eo
2662 2571 2884 2668 signis
2919 2578 2995 2646 et
3028 2571 3401 2646 miraculis
3443 2578 3745 2646 conten-

1409 2694 1678 2768 derunt
1707 2685 1806 2788 (³),
1843 2693 1969 2788 qui
2013 2693 2277 2768 missus
2326 2714 2371 2767 a
2422 2693 2576 2766 Deo
2628 2693 2937 2768 fecittot
2978 2692 3333 2766 miracula
3367 2699 3645 2787 aperta,
3680 2700 3753 2768 et

1401 2814 1544 2888 fuit
1595 2835 1906 2911 magnus
1957 2814 2395 2910 astrologuS,
2441 2821 2524 2886 ut
2574 2813 2907 2908 perhibet
2940 2814 3200 2890 Petrus
3242 2813 3623 2887 Comestor
3678 2812 3748 2886 in

1411 2934 1720 3009 Historia
1791 2933 2299 3008 ecclesiastica.
2378 2933 2704 3007 Justinus
2774 2939 3019 3006 tamen
3094 2931 3467 3006 breviator
3535 2932 3751 3029 Trogi

1407 3054 1753 3150 Pompeii,
1807 3054 1978 3128 satis
2030 3074 2255 3129 verus
2317 3053 2625 3148 scriptor
2692 3073 2943 3126 rerum
3013 3053 3421 3148 gentilium,
3488 3053 3751 3128 iniuste

1402 3175 1757 3250 admiscet
1807 3195 1985 3250 vera
2039 3173 2231 3248 falsis
2280 3173 2357 3248 in
2408 3175 2566 3248 hoc.
2634 3173 2895 3248 Scribit
2958 3173 3153 3248 enim
3216 3173 3405 3247 libro
3458 3173 3747 3248 XXXVI
3834 3190 3839 3194 ·

1407 3295 1598 3370 inter
1645 3295 1833 3371 alia:
1887 3316 2060 3369 cum
2116 3295 2435 3367 multum
2488 3294 2853 3369 laudasset
2902 3295 3165 3388 Joseph
3218 3292 3415 3389 quod
3471 3295 3751 3390 Moyses

1403 3414 1598 3490 filius
1666 3415 1824 3491 eius
1897 3413 2050 3489 dux
2118 3413 2255 3489 fuit
2333 3414 2803 3489 bebraeorum
2876 3414 3001 3509 qui
3072 3421 3243 3491 sunt
3312 3414 3596 3510 expulsi
3662 3413 3753 3489 de

1404 3537 1718 3634 AEgypto
1769 3556 1940 3611 cum
1993 3535 2315 3611 scabiem
2368 3542 2442 3609 et
2494 3536 2776 3631 lepram
2828 3543 3280 3632 paterentur,
3334 3543 3407 3611 et
3458 3536 3753 3610 abstulit

1409 3656 1607 3730 furto
1671 3676 1880 3731 sacra
1943 3655 2459 3752 aegyptiorum‚
2512 3663 2585 3731 et
2642 3656 2933 3752 aegyptii
2993 3657 3356 3752 persecuti
3415 3656 3573 3731 illos
3636 3676 3754 3731 re-

1407 3775 1595 3870 pulsi
1628 3776 2180 3871 tempestatibus
2214 3774 2519 3849 domum
2560 3776 2973 3872 redierunt3
3002 3776 3200 3871 quod
3226 3776 3505 3851 dictum
3542 3776 3752 3850 dam-

1409 3902 1538 3969 nat
1586 3896 2036 3992 Augustinus
2087 3901 2160 3971 et
2209 3895 2509 3970 Orosius
2559 3896 2883 3972 scribens
2932 3897 3087 3971 sibi.
3142 3896 3349 3972 Unde
3398 3896 3751 3991 Josephus

1409 4016 1798 4091 historicus
1847 4017 2187 4093 hebraeus
2240 4016 2455 4091 tertio
2510 4016 2695 4091 libro
2745 4016 3277 4112 Antiquitatum
3326 4017 3519 4111 dicit,
3558 4017 3751 4112 quod

1409 4136 1718 4231 quilibet
1769 4137 2096 4212 irridebit
2157 4157 2285 4213 eos
2350 4138 2476 4232 qui
2552 4137 2802 4212 dicunt
2850 4138 3173 4234 Moysem
3232 4138 3433 4237 lepra
3498 4138 3754 4236 fatiga-

1415 4262 1576 4331 tum
1629 4256 1906 4331 sactum
1958 4256 2181 4332 fuisse
2229 4258 2497 4333 ducem
2532 4259 3011 4352 expulsorum
3048 4259 3309 4333 eadem
3360 4258 3454 4333 de
3504 4278 3748 4352 causa,

1407 4382 1488 4451 et
1537 4376 1824 4451 venisse
1872 4376 1946 4450 in
1997 4377 2485 4453 Chananaeam
2540 4396 2717 4452 cum
2767 4378 2893 4452 εἰς.
2943 4379 3014 4453 Si
3066 4378 3262 4453 enim
3318 4379 3456 4453 boc
3506 4378 3753 4454 suisset

1413 4516 1703 4591 verum,
1757 4516 2230 4592 nequaquam
2280 4478 2561 4593 Moyses
2608 4498 3005 4592 expulisset
3036 4498 3359 4594 leprosos
3410 4520 3453 4573 a
3504 4500 3755 4574 castris

1413 4618 1590 4711 suiS,
1645 4616 1772 4711 qui
1827 4622 2076 4692 tamen
2126 4617 2323 4713 apud
2368 4620 2636 4694 multas
2668 4625 2925 4716 gentes
2968 4625 3351 4694 morantur
3402 4626 3478 4695 et
3528 4622 3757 4696 bono-

1417 4743 1696 4811 rantur.
1751 4736 2327 4813 commendatur
2379 4745 2455 4812 et
2504 4738 2764 4812 ultimo
2810 4738 3167 4835 AEgyptus
3214 4760 3261 4814 a
3307 4760 3575 4837 magna
3626 4761 3757 4837 po-

1415 4860 1701 4951 testate,
1753 4856 1926 4952 quia
1975 4857 2150 4931 olim
2203 4857 2457 4932 babuit
2505 4858 2925 4933 Pharaones
2963 4865 3322 4955 potentes»,
3358 4867 3432 4936 et
3466 4861 3757 4935 Ptbolo-

1543 5120 1598 5183 (¹)
1629 5118 1680 5171 S.
1711 5120 1896 5173 irridet
1927 5122 2190 5187 egyptios.
2442 5124 2495 5187 (’)
2529 5124 2591 5175 E.
2622 5124 2889 5177 restiterit.
3136 5126 3193 5191 (⁸)
3224 5126 3285 5177 Ε.
3320 5126 3661 5179 contenderit.
