4392 6850
1389 900 1534 968 374
2109 914 2517 1003 commvnia
2566 916 3005 971 ruem-roan

1385 1060 1677 1157 cognito
1702 1058 1902 1153 quod
1935 1065 2099 1135 erat
2133 1058 2344 1135 vivus
2378 1060 2877 1156 corporaliter,
2904 1066 3293 1155 coeperunt
3325 1060 3526 1155 loqui
3564 1080 3730 1136 cum

1387 1180 1876 1256 admiratione
1923 1179 2016 1255 de
2065 1180 2245 1276 ipso,
2295 1186 2373 1256 et
2420 1180 2798 1275 inquirere
2854 1180 2949 1255 de
3006 1200 3119 1255 ec.
3174 1182 3385 1255 Nunc
3434 1182 3529 1257 ad
3577 1181 3735 1256 lite-

1387 1321 1586 1376 ram:
1639 1300 1810 1375 dicit
1869 1306 2106 1396 poeta,
2159 1301 2357 1396 quod
2416 1301 2567 1377 duo
2626 1321 2719 1376 ex
2750 1293 2823 1393 (¹)
2890 1298 3027 1375 illis
3093 1300 3292 1375 orbis
3354 1299 3733 1376 audientes

1385 1420 1676 1517 Sapiam
1727 1422 1994 1511 dicere,
2047 1422 2247 1517 quod
2298 1423 2568 1497 Dantes
2618 1422 2957 1518 portabat
3006 1422 3262 1495 oculos
3304 1428 3620 1517 apertOS,
3662 1430 3733 1496 et

1383 1541 1694 1616 Dantem
1757 1541 2345 1637 respondentem,
2398 1541 2597 1637 quod
2654 1541 2849 1616 oculi
2908 1539 3153 1615 adhuc
3210 1524 3730 1618 clauderentur

1383 1660 1538 1755 sibi,
1591 1660 1688 1734 illi
1741 1662 2483 1757 comprehenderunt,
2522 1660 2721 1755 quod
2772 1667 2933 1737 erat
2974 1660 3187 1735 vivus
3220 1659 3317 1733 ibi
3352 1680 3529 1735 cum
3564 1681 3728 1736 cor-

1384 1802 1563 1877 pore
1613 1790 1688 1857 et
1737 1783 2080 1857 omnibus
2130 1782 2501 1859 sensibus:
2556 1788 2631 1857 et
2679 1780 3126 1858 admirantes
3174 1780 3268 1856 de
3318 1780 3442 1856 tali
3491 1780 3725 1877 gratia

1379 1904 1888 1980 desiderabant
1937 1903 2124 1979 scire
2175 1904 2335 1979 eius
2388 1902 2916 1997 conditionem,
2968 1902 3133 1977 ideo
3195 1922 3387 1994 unus
3436 1922 3724 1995 eorum,

1379 2024 1652 2100 scilicet
1702 2022 2045 2098 dominus
2077 2015 2148 2116 (²)
2204 2021 2441 2097 Guido
2490 2022 2609 2098 del
2658 2023 2863 2097 Duca
2912 2022 3005 2097 de
3038 2022 3491 2117 Breteuorio,
3546 2022 3726 2097 inci-

1380 2144 1482 2240 pit
1554 2144 1986 2219 admirative
2051 2132 2307 2219 'dicere
2365 2143 2563 2219 socio
2629 2163 2768 2217 suo
2826 2144 3191 2238 Raynerio
3249 2144 3343 2219 de
3411 2144 3721 2219 Calboli:

1387 2266 1508 2339 01ιί
1553 2258 1598 2338 e*
1638 2268 1856 2338 cestui
1895 2266 2015 2337 che
2047 2267 2098 2337 'l
2125 2271 2373 2338 nostro
2422 2270 2651 2337 monte
2688 2266 2989 2354 cerchia,
3024 2262 3229 2359 idest,
3282 2265 3411 2360 qui
3466 2265 3727 2340 circuit

1380 2384 1896 2481 purgatorium
1955 2383 2050 2459 de
2119 2385 2398 2460 circulo
2456 2384 2533 2457 in
2592 2383 2979 2479 circulum,
3023 2387 3269 2477 prima
3326 2389 3446 2460 che
3504 2392 3727 2459 morte

1376 2509 1477 2599 912·
1524 2507 1732 2579 abbia
1791 2508 1960 2579 dato
2007 2508 2064 2579 il
2108 2509 2268 2579 volo
2280 2532 2313 2599 ,·
2364 2505 2503 2581 boc
2565 2504 2735 2580 dicit
2796 2504 2971 2599 quia
3034 2505 3109 2579 in
3172 2512 3411 2581 morte
3476 2507 3725 2581 anima

1380 2632 1723 2723 separata
1773 2626 2015 2700 statim
2067 2626 2265 2701 volat
2314 2625 2407 2702 ad
2447 2626 2832 2722 justitiam,
2883 2633 2969 2699 ut
3014 2626 3185 2701 alibi
3236 2626 3513 2703 dictum
3574 2635 3721 2722 est3

1377 2754 1442 2821 et
1487 2766 1666 2839 apre
1713 2750 1816 2837 912·
1861 2750 2055 2827 ocche·
2099 2768 2150 2820 a
2197 2766 2331 2821 sua
2372 2744 2606 2838 voylia
2652 2768 2691 2819 e
2736 2748 3102 2839 ceper-chia
3116 2752 3155 2820 ?
3188 2748 3386 2841 quod
3437 2768 3572 2822 nos
3616 2748 3725 2823 fa·-

1375 2885 1550 2942 cere
1601 2886 1750 2941 non
1802 2847 2192 2961 possumus
2243 2874 2542 2963 propter
2600 2873 2939 2941 suturam
2998 2868 3411 2943 oculorum.
3439 2910 3539 2923 —
3566 2874 3723 2943 Non

1373 3008 1475 3060 so.
1527 2987 1659 3061 Hic
1709 2994 1920 3082 poeta
1974 2988 2176 3083 ponit
2229 2986 2773 3082 responsionem
2810 2986 3007 3081 socii,
3044 2988 3171 3081 qui
3204 2988 3411 3061 dicit:
3449 2992 3608 3063 Non
3642 3011 3722 3063 so

1375 3108 1488 3181 chi
1533 3109 1669 3201 sia,
1715 3108 1850 3183 nisi
1901 3108 2090 3183 sicut
2125 3116 2231 3201 tu,
2257 3108 2431 3203 quia
2468 3129 2613 3183 non
2648 3107 2861 3182 video
2902 3128 3079 3181 eum
3112 3098 3187 3200 (³)
3222 3106 3411 3182 sicut
3444 3130 3584 3185 nec
3614 3117 3719 3205 tu,

1375 3232 1450 3303 et
1501 3226 1654 3323 ipse
1713 3227 2005 3303 videtur
2065 3234 2317 3303 tuscus
2374 3248 2522 3303 non
2587 3226 3087 3301 romandiolus
3146 3227 3242 3301 ad
3310 3228 3720 3323 loquelam3

1378 3368 1498 3419 ma
1527 3369 1611 3421 so
1644 3350 1824 3423 ch’ei
1858 3369 2004 3423 non
2037 3346 2081 3426 e*
2105 3352 2302 3445 solo;
2328 3349 2468 3424 hoc
2501 3346 2690 3443 dicit,
2726 3348 2903 3444 quia
2952 3348 3289 3444 superius
3338 3350 3725 3426 audiverat

1378 3467 1688 3543 Dantem
1723 3467 2084 3546 dicentem
2137 3457 2335 3565 quod
2386 3458 2673 3562 unus(‘)
2698 3467 3109 3543 adducebat
3157 3489 3358 3564 eum,
3409 3471 3540 3564 qui
3576 3492 3719 3545 non

1374 3589 1837 3683 loquebatur,
1888 3598 1962 3665 et
2012 3591 2178 3666 ideo
2238 3591 2409 3665 dicit
2456 3589 2903 3686 Raynerius:
2956 3592 3327 3664 dimandal
3374 3596 3445 3664 tu
3492 3595 3559 3664 si
3599 3587 3717 3684 pii)

1373 3717 1434 3783 te
1480 3713 1582 3802 qli
1628 3713 1909 3803 avicini,
1950 3711 2067 3786 vel
2116 3711 2523 3786 secundum
2564 3709 2783 3784 aliam
2825 3708 3151 3784 literam:
3176 3713 3280 3801 912·
3310 3713 3719 3804 t'avvicim'3

1373 3829 1501 3904 sed
1551 3830 1788 3924 prima
1850 3831 2061 3906 litera
2109 3837 2221 3906 est
2270 3831 2540 3924 verior,
2594 3830 2769 3924 quia
2835 3829 2969 3904 iste
3025 3829 3355 3924 loquitur
3420 3850 3715 3905 roman-

1371 3949 1585 4043 diole,
1647 3948 1814 4024 licet
1873 3971 2020 4024 uon
2083 3957 2417 4025 mutetur
2474 3949 2880 4042 seutentia;
2944 3955 3021 4024 et
3076 3948 3322 4023 addit:
3392 3972 3430 4023 e
3492 3951 3717 4024 dolce-

1275 4117 1298 4140 .
1371 4079 1614 4160 mente,
1648 4062 1708 4144 εὶ
1749 4068 1868 4144 ctae
1906 4073 2130 4164 par-li,
2165 4067 2426 4144 accolo·
2480 4071 2569 4144 Et
2618 4068 2735 4144 hic
2788 4076 2959 4145 nota
2990 4070 3191 4164 quod
3228 4069 3439 4144 multi
3482 4071 3709 4145 multa

1367 4188 1619 4263 dicunt
1669 4191 1742 4264 in
1794 4189 2247 4286 expositione
2280 4190 2501 4265 huius
2526 4181 2601 4282 (¹⁵)
2648 4189 2910 4265 literae:
2948 4189 3197 4284 plures
3230 4190 3429 4264 enim
3466 4190 3712 4265 dicunt

1371 4314 1446 4384 et
1495 4319 1894 4405 exponunt,
1946 4311 2146 4405 quod
2207 4311 2345 4386 iste
2406 4307 2701 4407 spiritus
2768 4309 2926 4386 vult
2988 4310 3277 4386 dicere:
3340 4311 3710 4408 interroga

1369 4449 1544 4503 eum
1597 4436 1747 4504 tam
1799 4430 2114 4506 dulciter
2161 4430 2363 4526 quod
2412 4430 2845 4525 respondeat
2896 4429 3021 4504 tibi
3072 4427 3167 4504 ad
3216 4431 3547 4524 plenum,
3615 4431 3711 4506 ita

1371 4548 1570 4642 quod
1616 4550 1908 4624 animus
1958 4549 2313 4625 auditoris
2362 4569 2509 4625 non
2547 4556 2927 4624 remaneat
2966 4548 3044 4622 in
3085 4570 3476 4644 suspenso3
3514 4551 3705 4646 quia,

1381 4677 1468 4744 ut
1497 4670 1768 4765 dicunt,
1805 4679 1916 4748 est
1963 4665 2221 4767 triplex
2256 4679 2573 4767 punctus
2613 4671 2689 4746 in
2720 4671 3135 4764 dictamine,
3170 4671 3441 4746 scilicet
3472 4691 3709 4765 coma,

1491 4885 1545 4948 (⁸)
1581 4887 1639 4937 E.
1673 4900 1738 4937 ex
1767 4887 1859 4939 illo
1892 4889 2020 4939 orbe
2051 4889 2334 4941 audientes.
2588 4889 2641 4952 (Ἴ
2672 4893 2785 4950 117,
2820 4890 2989 4940 dictus
3020 4890 3203 4941 Guido.

1493 4962 1547 5025 (¹)
1579 4961 1642 5014 E.
1674 4977 1796 5014 eum
1829 4965 1924 5016 nisi
1957 4965 2092 5016 sicut
2124 4971 2201 5017 tu.
2590 4965 2645 5026 (⁴)
2678 4969 2767 5017 11¹1
2800 4979 2831 5017 e
2864 4967 2926 5018 E.
2960 4980 3096 5018 unus
3126 4966 3449 5018 conducebat
3478 4979 3619 5018 eum.

1492 5039 1549 5100 (⁸)
1583 5043 1692 5100 11⁷,
1726 5040 1872 5092 istius
1904 5041 2089 5094 litero.
