4392 6850
1510 875 1648 943 130
2227 885 2638 940 commun
2687 884 3127 939 Puaouoau

1501 1042 1644 1128 cta,
1697 1036 1968 1125 vedrai,
2022 1031 2229 1125 idest,
2282 1030 2586 1106 faciliter
2637 1050 3083 1126 cognoscere
3134 1029 3427 1125 poteriS,
3479 1049 3699 1119 come,
3737 1026 3850 1101 ille

1505 1155 1847 1229 zodiacus
1898 1161 1972 1228 et
2023 1174 2155 1249 per
2207 1173 2666 1247 consequens
2717 1152 2851 1245 sol,
2902 1171 3167 1224 convert
3228 1152 3348 1223 che
3398 1151 3589 1223 vada
3639 1170 3689 1222 a
3736 1170 3853 1221 co-

1504 1277 1664 1365 scui,
1699 1274 1995 1367 scilicet,
2030 1273 2204 1347 huic
2258 1272 2485 1346 monti
2535 1272 2964 1369 purgatorii,
3002 1274 3101 1344 da
3140 1274 3185 1344 Γ
3209 1293 3307 1345 un
3341 1273 3604 1364 fianco,
3646 1269 3849 1363 idest,

1507 1393 1602 1468 ab
1654 1415 1803 1468 uno
1855 1395 2108 1488 latere,
2160 1394 2432 1469 scilicet
2495 1394 2780 1488 dextro,
2834 1396 3120 1485 quando
3181 1414 3230 1464 a
3291 1395 3498 1483 colui,
3559 1391 3851 1483 scilicet,

1510 1515 1740 1588 monti
1791 1515 1989 1610 Syon
2042 1514 2258 1608 vadit,
2310 1517 2408 1586 da
2458 1516 2503 1586 Γ
2529 1517 2742 1605 altro,
2794 1512 3089 1606 scilicet,
3123 1514 3386 1605 fianco,
3422 1512 3628 1605 idest,
3662 1532 3709 1585 a
3751 1512 3854 1585 la-

1512 1641 1671 1708 tere
1722 1634 2036 1727 sinistro,
2078 1634 2251 1727 quia
2304 1633 2645 1707 zodiacus
2695 1632 3506 1727 amplectitur'oblique
3560 1638 3855 1704 utrum-

1508 1775 1658 1848 que
1707 1755 2272 1850 hemisperium3
2324 1761 2399 1829 et
2449 1755 2661 1828 dicit:
2716 1776 2791 1827 se
2841 1757 2885 1826 Γ
2914 1756 3234 1826 intellecto
3284 1761 3401 1826 tuo
3451 1754 3579 1825 ben
3613 1754 3854 1825 chiara

1510 1877 1726 1965 bada,
1790 1875 1992 1968 idest,
2044 1875 2105 1947 si
2162 1875 2353 1948 bene
2422 1874 2717 1969 respicis
2762 1895 2947 1974 ,cum
3020 1873 3515 1968 speculatione
3576 1872 3855 1946 intelle·

1509 1995 1757 2094 ctuali.
1784 2034 1884 2048 —
1916 2000 2138 2067 Certo,
2192 1994 2323 2068 Hic
2376 2002 2590 2089 poeta
2644 2001 2890 2068 noster
2938 1995 3209 2069 fatetur
3250 1993 3549 2090 Virgilio
3584 2013 3666 2067 se
3700 2013 3858 2066 me-

1515 2116 1656 2189 lius
1728 2115 2132 2210 intelligere
2204 2135 2400 2187 nunc
2461 2114 2684 2187 istum
2758 2120 3043 2188 motum
3115 2114 3388 2189 zodiaci
3456 2120 3531 2188 et
3597 2113 3860 2188 melius

1519 2237 1759 2330 ipsum
1811 2235 2155 2309 declarat.
2212 2234 2395 2308 Dicit
2447 2255 2674 2330 ergo:
2726 2237 2892 2308 diss’
2916 2238 3012 2327 io,
3049 2233 3146 2308 illi
3175 2229 3248 2326 (¹)
3287 2234 3610 2332 Virgilio,
3666 2239 3861 2307 Mae-

1519 2363 1671 2428 stro
1723 2358 1888 2446 miO,
1948 2354 2073 2448 qui
2136 2361 2285 2427 tam
2350 2355 2540 2429 bene
2607 2355 2990 2429 declarasti
3053 2356 3230 2429 mihi
3294 2357 3513 2429 istum
3567 2377 3858 2451 passum

1527 2478 1955 2568 obscurum,
2008 2482 2080 2550 et
2134 2475 2504 2550 removisti
2555 2475 3111 2550 admirationem
3171 2497 3441 2570 meam,
3494 2484 3684 2550 certo
3732 2498 3864 2549 un-

1524 2618 1798 2689 quanco
1847 2617 1991 2668 non
2043 2598 2179 2668 vid’
2206 2599 2275 2668 io
2325 2597 2596 2687 chiam,
2633 2596 2840 2688 quasi
2888 2595 3100 2688 dicat,
3152 2597 3500 2691 sciebam,
3541 2597 3667 2672 sed
3720 2617 3867 2671 non

1527 2718 1622 2792 ita
1675 2718 1896 2809 clare,
1947 2737 2138 2788 come
2188 2738 2277 2788 or
2327 2718 2647 2789 discerno
2689 2706 2762 2789 [ὰ
2794 2719 2971 2789 dove
3018 2719 3073 2789 il
3118 2720 3257 2789 mio
3296 2721 3598 2809 inyeyno
3637 2739 3869 2811 parea

1527 2858 1803 2926 manco,
1846 2835 2052 2930 idest,
2104 2835 2518 2930 aliqualiter
2569 2835 3032 2910 defectivum.
3068 2839 3156 2910 Et
3205 2844 3409 2912 certe
3460 2859 3723 2913 verum
3761 2838 3869 2911 di-

1526 2958 1644 3052 cit,
1699 2957 1869 3050 quia
1924 2957 2114 3030 bene
2164 2957 2387 3030 debes
2437 2956 2844 3053 imaginari,
2888 2958 3086 3051 quod
3128 2965 3339 3052 poeta
3384 2964 3633 3033 noster
3673 2978 3869 3032 nunc

1527 3077 1918 3153 studiosius
1969 3077 2300 3151 discussit
2351 3077 2564 3152 istam
2618 3078 3030 3172 materiam,
3083 3085 3156 3152 et
3204 3078 3472 3152 clarius
3522 3079 3869 3153 intellexit

1528 3199 1782 3272 volens
1833 3217 2001 3270 eam
2056 3218 2254 3271 nunc
2304 3196 2755 3291 describere,
2808 3203 2881 3271 et
2933 3218 3106 3272 ecce
3154 3198 3367 3292 quid:
3406 3201 3601 3271 clte'l
3631 3220 3871 3271 mezzo

1529 3322 1822 3409 cerchiO,
1876 3317 2080 3410 idest,
2133 3318 2457 3391 circulus
2506 3317 3031 3411 aequinoctialis
3081 3319 3405 3393 dividens
3457 3339 3747 3413 speram
3801 3318 3873 3391 in

1531 3440 1681 3515 duo
1743 3443 2053 3536 aequalia
2124 3441 2530 3515 secundum
2601 3461 2898 3515 omnem
2955 3447 3239 3534 partem
3304 3439 3441 3533 sui,
3494 3440 3874 3534 aequaliter

1533 3561 1804 3636 distans
1856 3563 1949 3637 ab
2005 3570 2323 3655 utroque
2374 3562 2564 3656 polo,
2614 3565 2729 3635 del
2775 3569 2960 3635 molo
3008 3582 3341 3653 super-nc,
3378 3560 3573 3634 unde
3611 3560 3875 3634 dicitur

1537 3684 1755 3758 etiam
1811 3684 2132 3757 circulus
2183 3682 2398 3778 primi
2451 3689 2720 3775 motuS,
2773 3684 2890 3754 che
2951 3685 3015 3755 si
3060 3684 3336 3754 chiama
3378 3688 3698 3773 equator,
3738 3681 3875 3755 diei

1537 3810 1614 3878 et
1663 3804 1932 3878 noctis:
1985 3803 2248 3877 dicitur
2300 3803 2496 3876 enim
2548 3802 2674 3896 sic,
2713 3802 2887 3896 quia
2938 3801 3233 3895 quando
3283 3802 3391 3876 sol
3442 3802 3701 3875 transit
3748 3821 3878 3896 per

1541 3923 1768 4018 illum,
1821 3924 2018 4018 quod
2068 3922 2326 3998 accidit
2361 3922 2470 3996 bis
2505 3922 2578 3996 in
2612 3943 2830 4017 anno,
2874 3923 3147 3998 scilicet
3180 3922 3254 3995 in
3290 3922 3641 4017 principio
3676 3922 3878 3996 librae

1539 4051 1614 4120 et
1660 4044 1933 4139 arietiS,
1996 4052 2105 4118 est
2165 4043 2686 4138 aequinoctium
2754 4043 2826 4116 in
2893 4043 3239 4117 universa
3306 4050 3536 4118 terra:
3591 4048 3664 4118 et
3712 4043 3881 4117 dicit

1544 4164 1851 4258 mediuS,
1887 4165 2057 4258 quia
2109 4165 2212 4238 sic
2264 4172 2373 4239 est
2424 4164 2497 4237 in
2549 4185 2784 4259 spera,
2834 4167 2910 4237 in
2960 4167 3214 4237 alczma
3260 4172 3435 4257 arte,
3472 4164 3765 4257 scilicet,
3810 4164 3884 4237 in

1542 4286 1974 4381 astrologia3
2028 4292 2101 4359 et
2152 4285 2367 4359 dicit:
2419 4307 2457 4357 e
2506 4288 2625 4358 che
2672 4307 2947 4377 sempre
2994 4290 3234 4359 riman
3294 4294 3409 4357 tra
3448 4288 3500 4358 ’l
3559 4287 3702 4359 sole
3769 4306 3808 4358 e
3839 4288 3888 4358 ’1

1543 4425 1780 4477 verno.
1834 4406 1986 4479 Hoc
2036 4425 2171 4500 pro
2233 4412 2435 4478 tanto
2495 4405 2686 4499 dicit,
2740 4406 2913 4499 quia
2975 4405 3271 4499 quando
3330 4407 3437 4480 sol
3500 4405 3695 4480 vadit
3755 4427 3888 4502 per

1545 4526 1751 4620 signa
1820 4525 2432 4620 septentrionalia,
2487 4531 2664 4600 tunc
2721 4525 2889 4599 facit
2953 4524 3160 4599 nobis
3219 4533 3547 4601 aestatem
3603 4534 3679 4602 et
3727 4527 3885 4601 aliis

1548 4646 1916 4741 hyemem,
1951 4667 1994 4719 a
2033 4645 2301 4739 quibus
2349 4652 2460 4720 est
2510 4647 2927 4742 elongatus;
2979 4653 3054 4720 et
3096 4667 3139 4721 e
3188 4668 3546 4722 converso
3594 4648 3886 4743 quando

1548 4765 1743 4839 vadit
1777 4786 1909 4860 per
1961 4766 2166 4861 signa
2216 4766 2736 4860 meridionalia,
2776 4767 2944 4841 facit
2985 4768 3191 4842 nobis
3234 4769 3608 4865 hyemem,
3643 4777 3718 4845 et
3749 4769 3888 4843 illis

1677 5014 1731 5077 (¹)
1764 5015 1827 5065 Ε.
1859 5016 2058 5068 scilicet
2086 5016 2168 5068 illi
2191 5019 2425 5083 Virgilio.
