4392 6850
1561 959 1836 1016 CANTUS
1885 963 2173 1016 PRIMUS.
2942 953 3035 1018 29

691 1125 822 1178 ven
871 1111 1099 1178 tenere
1167 1107 1354 1178 altro
1422 1106 1732 1196 via99i0,
1801 1105 1999 1200 quod
2065 1111 2303 1180 totum
2364 1107 2461 1181 ibi
2532 1110 2746 1204 plene
2812 1131 3043 1206 expo-

691 1225 914 1299 situm
965 1225 1132 1320 fuit3
1169 1224 1342 1320 quia
1393 1224 1666 1300 scilicet
1703 1225 2089 1320 oportebat
2121 1227 2434 1302 Dantem
2467 1229 2915 1306 descendere
2947 1231 3043 1306 de

695 1366 890 1421 novo
937 1347 1032 1420 ad
1081 1345 1478 1439 infernum,
1529 1345 1657 1420 sed
1709 1365 1840 1441 per
1890 1346 2110 1421 aliam
2153 1347 2349 1422 viam
2393 1371 2617 1443 quam
2656 1351 2896 1446 primo
2930 1352 3041 1426 in-

691 1474 1036 1562 traverat,
1089 1467 1359 1542 scilicet
1409 1487 1540 1562 per
1591 1466 2189 1562 speculationem,
2244 1475 2327 1542 ut
2386 1470 2673 1566 cognita
2744 1472 3037 1548 miseria

691 1586 1038 1661 vitiorum
1089 1586 1368 1662 facilius
1418 1587 1838 1682 perveniret
1885 1587 1980 1662 ad
2037 1588 2549 1683 purgationem
2604 1611 2908 1686 eorum3
2962 1599 3038 1668 et

687 1727 860 1784 ecce
908 1707 1104 1808 riam
1159 1729 1291 1803 per
1343 1728 1567 1802 quam
1603 1706 1782 1781 duxi
1817 1728 2033 1782 eum:
2077 1715 2419 1782 mostrata
2460 1712 2550 1782 Ιιο
2600 1715 2698 1785 lui
2746 1719 2917 1786 lucta
2960 1717 3033 1786 la

687 1837 884 1924 yeme
929 1831 1072 1922 ria,
1107 1829 1312 1923 idest,
1356 1849 1614 1904 omnes
1663 1849 1929 1924 pravos
1970 1829 2263 1924 punitos
2300 1830 2372 1904 in
2416 1831 2738 1927 infern03
2780 1839 2855 1908 et
2894 1835 3033 1908 hoc

691 1956 801 2024 est
849 1970 1113 2025 verum
1165 1949 1256 2024 de
1305 1947 1700 2044 generibus
1750 1949 2239 2044 singulorum,
2292 1956 2367 2024 et
2400 1971 2547 2025 non
2596 1950 2689 2026 de
2732 1951 3033 2050 singulis

687 2091 1078 2167 generum,
1145 2071 1232 2143 ed
1301 2089 1440 2141 ora
1503 2069 1784 2142 intendo
1831 2075 2146 2141 mostrar
2205 2073 2411 2160 quelli
2466 2075 2693 2164 spirci,
2762 2071 3034 2147 scilicet

686 2189 1219 2286 poenitentium,
1255 2191 1374 2262 che
1415 2209 1704 2282 puryan
1751 2210 1829 2262 se
1873 2195 2052 2262 solco
2103 2193 2175 2262 la
2228 2197 2349 2263 lua
2398 2184 2614 2285 balla,
2658 2191 2865 2284 idest,
2903 2193 3031 2286 qui

687 2311 1136 2385 mundantur
1184 2331 1231 2386 a
1280 2308 1594 2405 peccatis
1647 2308 1719 2382 in
1772 2310 2225 2406 purgatorio,
2260 2312 2472 2386 cuius
2516 2320 2598 2386 tu
2642 2333 2721 2388 es
2762 2318 3028 2387 custos.

683 2433 771 2506 Et
804 2440 1124 2507 excusat
1173 2451 1254 2504 se
1303 2429 1646 2526 Virgilius
1697 2429 1754 2503 si
1807 2450 1954 2503 non
1995 2436 2251 2505 narrat
2294 2437 2520 2506 totam
2562 2432 2879 2506 formam
2916 2431 3028 2506 sui

686 2571 1089 2646 processus,
1139 2550 1434 2624 dicens:
1486 2552 1664 2623 com’
1685 2552 1757 2622 io
1789 2552 1835 2622 l'
1860 2552 1952 2622 Ιιο
1985 2557 2225 2641 craten,
2267 2551 2559 2646 scilicet,
2595 2573 2727 2648 per
2770 2573 3030 2626 omnes

683 2672 994 2747 circulos
1047 2671 1332 2765 inferni,
1381 2673 1572 2744 sem'a
1608 2674 1819 2762 lonyo
1871 2691 1920 2742 a
1957 2673 2150 2762 dirti,
2187 2671 2359 2765 quia
2397 2673 2714 2746 multum
2752 2693 3030 2768 expen-

681 2792 932 2868 derem
985 2791 1360 2886 temporis,
1411 2798 1486 2866 et
1535 2791 1676 2865 boc
1725 2796 1919 2865 esset
1969 2789 2223 2866 inutile
2274 2791 2431 2886 sibi,
2480 2798 2553 2867 et
2604 2813 2751 2866 non
2804 2813 3027 2887 expe-

681 2912 886 2988 diens
949 2911 1098 3005 tibi,
1150 2911 1324 3005 quia
1355 2902 1426 3004 (⁴)
1494 2910 1624 2985 tibi
1691 2910 1960 2986 sufficit
2023 2910 2116 2985 ad
2181 2911 2711 2987 admittendum
2784 2912 3021 3007 ipsum

680 3033 872 3107 intra
925 3052 1239 3128 regnum
1295 3037 1532 3126 tuum,
1579 3032 1814 3105 solum
1869 3031 2078 3126 scire,
2117 3032 2314 3126 quod
2366 3053 2458 3107 ex
2508 3032 2747 3129 gratia
2780 3032 3025 3107 divina

677 3161 754 3230 et
801 3155 1107 3228 honesta
1156 3153 1251 3227 de
1299 3173 1524 3227 causa
1560 3151 1836 3246 veniat3
1872 3152 2070 3227 unde
2101 3153 2312 3227 dicit:
2351 3149 2533 3228 virt&
2570 3157 2691 3228 che
2729 3157 3027 3228 m’aiuta

678 3277 1095 3348 conducerlo
1142 3294 1193 3345 a
1243 3274 1505 3346 vederti
1553 3279 1618 3345 et
1663 3275 1927 3346 audini
1972 3276 2219 3346 scande
2269 3276 2425 3347 dell'
2443 3277 2613 3365 αἱιο,
2659 3273 2807 3347 scili
2814 3280 2929 3348 cet
2978 3293 3025 3346 a

680 3397 890 3491 coelo,
943 3394 1115 3490 quia
1167 3415 1334 3469 mea
1387 3394 1622 3469 virtus
1670 3394 1996 3469 humana
2056 3415 2203 3469 non
2264 3401 2427 3470 erat
2484 3415 2616 3491 per
2676 3415 2758 3470 se
2816 3394 3026 3469 suffi-

679 3516 878 3592 ciens
927 3516 1020 3591 ad
1070 3517 1229 3589 boc.
1259 3555 1360 3570 —
1391 3519 1496 3589 Or
1547 3518 1597 3587 te·
1630 3517 1929 3607 piaccia.
1972 3515 2182 3589 Nunc
2221 3514 2563 3611 Virgilius
2604 3515 2775 3589 facit
2810 3534 3023 3589 suam

675 3636 1094 3733 petitionem
1125 3634 1620 3731 principaliter
1655 3634 2006 3709 intentam
2043 3633 2321 3730 Catoni,
2354 3640 2427 3710 et
2460 3636 2751 3710 adiurat
2784 3634 3020 3730 ipsum

677 3778 810 3853 per
859 3777 1158 3832 causam
1210 3754 1732 3850 acceptabilem
1777 3776 1944 3848 quae
1991 3754 2267 3831 inducit
2314 3776 2491 3830 eum
2546 3762 2627 3829 ut
2676 3755 3022 3854 dignetur

677 3878 1064 3955 admittere
1122 3877 1386 3972 ipsum,
1438 3875 1564 3970 qui
1627 3896 1925 3949 summo
1987 3875 2229 3951 studio
2294 3876 2557 3971 quaerit
2606 3877 3015 3951 libertatem

675 3998 1018 4094 exemplo
1067 3997 1288 4092 ipsius
1339 3995 1648 4071 Catonis.
1702 3995 1842 4070 Sed
1883 3996 1977 4069 ad
2019 3995 2556 4093 intelligendam
2602 3996 2815 4070 istam
2858 3996 3019 4070 lite-

673 4140 838 4195 ram
891 4117 1210 4193 nobilem
1261 4122 1334 4192 et
1383 4116 1749 4209 subtilem,
1803 4116 1970 4190 volo
2009 4122 2081 4191 te
2115 4116 2441 4212 apertius
2472 4108 2541 4209 (²)
2584 4117 2815 4191 multa
2848 4116 3017 4212 pul-

673 4260 800 4315 cra
851 4249 1132 4315 notare.
1187 4239 1275 4311 Et
1325 4236 1562 4332 primo
1614 4235 1907 4330 quidem
1947 4236 2144 4330 quod
2181 4236 2348 4311 felix
2384 4256 2621 4332 genus
2670 4256 3019 4310 romano-

675 4381 846 4433 rum
898 4380 1034 4453 pro
1087 4378 1356 4454 magna
1405 4362 1614 4451 parte
1663 4355 1884 4452 gessit
1933 4357 2301 4453 magnalia
2342 4356 2693 4431 libertatis
2732 4376 3014 4431 amore.

672 4480 876 4555 Unde
925 4478 1380 4575 Augustinus
1418 4476 1511 4551 de
1551 4475 1858 4551 Civitate
1897 4477 2068 4551 Dei:
2123 4482 2297 4552 Haec
2339 4482 2630 4571 facer-emt
2665 4479 3021 4570 proectpue

669 4602 795 4674 ula
853 4602 1020 4691 duo,
1089 4618 1244 4690 ‘1²‘ae
1306 4599 1785 4690 compulerunt
1845 4618 2184 4671 romanos
2248 4600 2349 4671 ad
2405 4604 2602 4689 ,qesta
2654 4598 3019 4687 miranda,

668 4722 924 4794 scilicet
969 4722 1274 4813 defensio
1323 4719 1655 4791 libertates
1703 4724 1771 4791 el
1815 4721 2152 4811 cupiditas
2219 4721 2469 4811 ylon‘oe
2482 4745 2514 4811 ;
2581 4717 2753 4813 quia
2818 4716 3017 4792 enim

669 4839 1074 4936 gloriosum
1129 4837 1513 4913 videbatur
1546 4836 1652 4911 eis
1683 4836 2046 4912 dominari
2078 4845 2305 4933 atque
2338 4838 2746 4933 imperare3
2783 4835 3021 4933 inglo-

796 5090 852 5152 (¹)
883 5090 944 5141 E.
978 5091 1098 5155 quia
1127 5090 1332 5143 sufficit.
1709 5088 1766 5154 (²)
1800 5094 1890 5141 11⁷
1922 5106 1952 5141 e
1983 5093 2046 5143 B.
2079 5094 2241 5157 prius.
