4392 6850
1247 972 1526 1029 CANTUS
1579 973 1896 1029 DECIMUS
1947 974 2271 1029 TERTIUS.
2788 962 2929 1030 355

583 1124 853 1200 v'erunt
901 1122 1022 1215 ibi,
1075 1128 1150 1196 et
1200 1119 1336 1195 suit
1383 1119 1556 1194 illud
1612 1120 1926 1195 verbum
1963 1118 2163 1214 quod
2214 1119 2395 1198 dixit
2442 1120 2660 1195 beata
2718 1120 2929 1217 virgo

582 1242 657 1318 in
717 1242 984 1338 nuptiis
1051 1240 1364 1315 Galiloeae
1404 1260 1576 1315 cum
1626 1240 1971 1316 deficeret
2023 1239 2279 1314 vinum
2332 1240 2926 1336 convivantibus3

581 1361 750 1437 dicit
800 1382 1016 1457 ergo:
1069 1366 1176 1433 La
1216 1363 1458 1453 prima
1506 1381 1672 1434 voce
1718 1363 1838 1433 che
1874 1352 2098 1454 pas-sd
2145 1362 2479 1451 velanda,
2533 1381 2680 1434 non
2715 1361 2928 1435 intel·

583 1481 766 1579 ligas
813 1481 1014 1577 quod
1065 1482 1180 1557 hic
1231 1488 1424 1557 oeset
1472 1480 1766 1576 spiritus
1819 1479 2034 1555 realis
2093 1480 2221 1574 qui
2283 1479 2738 1575 loqueretur,
2800 1481 2929 1556 sed

583 1600 878 1697 spiritus
931 1601 1200 1675 vocalis
1249 1600 1568 1676 insonuit
1617 1599 1924 1674 auribus
1975 1598 2241 1674 mentis
2292 1620 2471 1693 suae,
2512 1603 2695 1674 disse
2741 1604 2927 1675 alta-

585 1728 829 1815 mente,
883 1730 968 1795 ut
1033 1722 1224 1797 bene
1273 1720 1692 1816 perveniret
1753 1719 1847 1794 ad
1903 1718 2241 1794 auditum
2290 1720 2616 1795 autoris:
2688 1724 2927 1795 Vinum

584 1861 727 1915 non
773 1842 1027 1915 habent
1041 1867 1074 1935 ;
1143 1848 1220 1915 et
1268 1846 1350 1914 ut
1409 1840 1602 1915 bene
1666 1838 2221 1935 imprimeretur
2288 1840 2513 1914 menti
2572 1840 2735 1915 eius
2792 1842 2926 1915 ista

587 1962 860 2056 optima
910 1982 1078 2055 vox,
1130 1962 1338 2040 dicit:
1373 1983 1412 2033 e
1459 1964 1505 2034 t’
1532 1952 1722 2035 andd
1771 1962 2204 2050 reiterando,
2255 1958 2462 2054 idest,
2509 1961 2924 2056 repetendo,

584 2084 807 2155 dietro
855 2104 904 2155 a
953 2085 1076 2155 noi
1093 2107 1124 2174 ;
1175 2080 1348 2176 quia
1383 2080 1580 2155 enim
1616 2100 1762 2155 vox
1800 2078 2138 2155 veniebat
2171 2098 2432 2153 versus
2464 2087 2757 2175 poetam
2797 2102 2929 2156 vo-

585 2201 800 2277 lando
851 2199 1328 2293 velocissime,
1379 2205 1454 2274 et
1504 2200 1658 2295 ipse
1707 2199 1857 2274 ibat
1918 2197 2507 2295 promptissime3
2559 2199 2723 2275 ideo
2786 2200 2929 2276 cito

586 2322 1023 2397 transiverat
1072 2342 1250 2396 eum
1301 2327 1377 2395 et
1423 2319 1865 2395 audiebatur
1905 2325 2068 2415 post
2119 2326 2421 2416 tergum
2471 2320 2651 2396 eiuS.
2706 2321 2794 2395 Et
2846 2329 2930 2395 ut

586 2441 829 2517 videas
881 2449 1244 2537 quantum
1295 2441 1434 2515 ista
1483 2462 1628 2515 vox
1682 2440 1896 2517 saciat
1929 2439 2024 2515 ad
2072 2439 2529 2535 propositum
2582 2440 2720 2536 hic,
2760 2449 2931 2516 nota

587 2561 782 2656 quod
812 2556 883 2655 (¹)
921 2561 1146 2637 Maria
1183 2580 1330 2635 non
1363 2560 1554 2653 fecit,
1591 2560 1781 2634 sicut
1811 2560 2309 2635 communiter
2343 2560 2619 2636 faciunt
2666 2562 2931 2636 mulie-

590 2703 706 2757 res
755 2682 827 2756 in
881 2682 1149 2778 nuptiis
1199 2687 1276 2757 et
1325 2681 1718 2775 conviviis;
1769 2701 1940 2774 quae
1991 2680 2165 2775 quia
2226 2680 2441 2755 nimis
2491 2689 2744 2755 amant
2796 2684 2931 2757 ho-

591 2822 848 2877 norem
900 2801 1213 2897 propriae
1247 2801 1695 2877 excellentiae
1729 2799 2120 2875 liventibus
2151 2800 2384 2875 oculis
2428 2801 2823 2897 respiciunt
2852 2793 2926 2893 (²)

588 2922 1152 3019 pulcritudinem
1215 2927 1288 2997 et
1347 2926 1695 2997 ornatum
1758 2919 2112 3015 aliarum;
2181 2928 2259 2997 et
2321 2942 2417 2997 ex
2474 2921 2741 2996 invidia
2798 2924 2931 2996 de-

587 3044 888 3117 trahunt
937 3040 1387 3117 excellentiae
1435 3041 1774 3135 aliarum,
1826 3042 1999 3135 quia
2052 3042 2309 3137 vulpes
2360 3047 2563 3116 amat
2611 3042 2929 3136 fraudes,

588 3162 805 3257 lupus
855 3182 1156 3259 agnum,
1195 3160 1492 3235 l'oemina
1527 3161 1820 3255 laudes3
1855 3160 1983 3235 sed
2018 3162 2178 3237 haec
2212 3163 2365 3237 sola
2401 3162 2929 3257 perfectissima

589 3281 857 3356 mulier
905 3301 1074 3376 quae
1138 3280 1448 3357 redemit
1513 3280 1833 3355 dedecus
1897 3279 2371 3356 soeminarum
2440 3302 2588 3356 non
2650 3281 2933 3356 notavit

590 3401 833 3477 cultus
860 3400 1127 3496 quibus
1153 3400 1532 3496 invideret,
1561 3400 1688 3476 sed
1713 3399 2266 3476 incommodum
2296 3401 2777 3476 convivarum
2808 3400 2929 3478 cui
3072 3394 3079 3402 ’

588 3543 966 3618 compassa
1017 3529 1152 3615 est,
1201 3528 1278 3597 et
1326 3521 1676 3597 continuo
1725 3522 2094 3597 succurrit
2141 3522 2523 3597 caritative
2570 3544 2704 3618 per
2753 3544 2933 3599 con-

591 3643 899 3718 trarium
951 3642 1258 3717 invidiae.
1314 3644 1474 3716 Non
1522 3662 1704 3738 ergo
1757 3642 2122 3718 tristatum
2166 3649 2280 3718 est
2318 3663 2448 3717 cor
2498 3643 2657 3718 eius
2708 3664 2932 3740 super

591 3763 974 3840 festivitate
1007 3763 1332 3860 nuptiali,
1364 3763 1490 3840 sed
1529 3763 1770 3858 potius
1803 3763 2191 3839 laetificavit
2228 3783 2356 3838 cor
2392 3765 2725 3838 omnium
2762 3765 2935 3842 vino

591 3887 866 3982 optimo
915 3885 1248 3960 omnium
1302 3884 1668 3960 vinorum.
1695 3925 1798 3938 —
1819 3889 1888 3958 E
1919 3888 2187 3978 prima.
2230 3884 2361 3959 Hic
2402 3892 2617 3982 poeta
2656 3886 2935 3961 descri-

591 4006 696 4081 bit
755 4005 1155 4082 secundam
1224 4025 1482 4080 vocem
1553 4025 1780 4100 quam
1841 4003 2012 4080 dicit
2067 4004 2290 4080 fuisse
2351 4004 2643 4080 Orestis,
2705 4005 2791 4078 Et
2840 4004 2935 4080 ad

593 4125 1138 4222 intelligentiam
1188 4123 1399 4202 istius
1448 4125 1702 4219 literae,
1738 4145 1908 4220 quae
1942 4123 2235 4200 videtur
2285 4125 2497 4199 valde
2544 4124 2791 4218 dubia,
2826 4131 2935 4200 est

594 4245 971 4321 sciendum
1024 4245 1222 4340 quod
1270 4245 1498 4340 aliqui
1554 4245 1808 4320 dicunt
1852 4245 1971 4320 hic
2023 4244 2222 4339 quod
2271 4244 2563 4320 Orestes
2630 4245 2767 4318 fuit
2820 4245 2936 4320 in-

593 4365 826 4460 viduS,
877 4365 1006 4441 sed
1057 4366 1300 4442 nescio
1353 4364 1602 4441 videre
1651 4365 1814 4440 eius
1861 4364 2261 4458 invidiam;
2306 4371 2381 4439 et
2445 4362 2677 4458 posito
2736 4364 2937 4459 quod

591 4485 844 4564 fuisset
893 4486 1206 4582 inviduS,
1255 4507 1404 4562 non
1453 4486 1748 4582 ponitur
1798 4485 1916 4561 hic
1967 4505 2111 4560 vox
2163 4484 2325 4560 eius
2371 4490 2750 4578 tamquam
2788 4485 2938 4581 spi-

591 4606 778 4681 ritus
837 4607 1084 4702 invidi,
1154 4614 1316 4682 tum
1377 4607 1573 4702 quia,
1625 4617 1712 4684 ut
1758 4607 1918 4703 jam
1982 4605 2263 4681 dictum
2324 4615 2458 4700 est,
2510 4605 2667 4683 istae
2716 4626 2936 4682 voces

591 4726 998 4802 invitabant
1059 4728 1150 4802 ad
1215 4749 1552 4804 amorem
1621 4727 1962 4822 caritatiS‚
2017 4733 2178 4801 tum
2248 4726 2445 4822 quia,
2509 4733 2592 4800 ut
2652 4726 2940 4803 dicetur

591 4847 816 4943 paulo
867 4854 1051 4943 post,
1101 4848 1194 4924 de
1243 4847 1474 4925 sraeno
1533 4846 1823 4923 invidiae
1874 4852 2235 4922 tractatur
2292 4845 2367 4920 in
2421 4846 2757 4940 sequenti
2814 4867 2939 4922 ca-

721 5033 778 5097 (¹)
809 5034 873 5085 E.
904 5034 1046 5098 quod
1075 5035 1237 5099 virgo
1269 5036 1436 5088 Maria
1467 5035 1831 5100 pretiosi-sima
1862 5049 1968 5086 non
2001 5035 2124 5086 tecit
2155 5035 2292 5085 sicut
2324 5033 2521 5084 faciunt
2552 5031 2817 5084 mulieres.

721 5111 778 5175 (⁸)
809 5111 870 5162 E.
905 5111 1242 5176 prospiciunt.
