4392 6850
1281 937 1560 993 camus
1611 939 1926 996 nncums
1975 940 2265 995 snmus,
2796 931 2939 1015 439

603 1089 764 1161 tero
830 1081 1118 1158 habebo
1185 1080 1604 1177 opinionem
1670 1083 1910 1180 istam,
1991 1105 2239 1180 neque
2310 1085 2518 1162 alteri
2590 1087 2939 1162 suadebo.

601 1202 872 1278 Deinde
921 1205 1208 1278 Marcus
1242 1224 1338 1279 ex
1377 1203 1606 1299 dictis,
1641 1205 1988 1282 damnata
2021 1207 2259 1301 prima
2300 1214 2510 1302 parte
2542 1207 2943 1284 distinctio-

603 1323 712 1397 nis
785 1329 1168 1418 tamquam
1245 1325 1446 1418 falsa,
1511 1327 1878 1401 concludit
1951 1327 2349 1402 secundam
2426 1334 2711 1422 partem
2780 1349 2942 1404 esse

601 1461 880 1537 veram,
931 1444 1218 1526 dicens:
1262 1437 1468 1538 perd,
1503 1466 1576 1519 se
1607 1448 1660 1519 'l
1687 1449 1946 1520 mondo
1975 1454 2323 1539 presente,
2358 1446 2563 1541 idest,
2609 1448 2939 1524 homines

601 1563 1148 1659 praesentialiter
1199 1564 1527 1640 viventes
1577 1565 1652 1640 in
1688 1567 1988 1660 mundo,
2023 1570 2278 1657 disvia,
2314 1566 2582 1642 scilicet
2630 1589 2677 1642 a
2731 1572 2935 1643 recta

601 1684 718 1760 via
767 1684 1126 1759 virtutum
1179 1692 1254 1760 et
1304 1705 1630 1780 morum,
1678 1689 1754 1760 in
1819 1690 1935 1760 voi
1979 1683 2020 1761 ὀ
2068 1690 2142 1760 la
2202 1690 2519 1778 capione,
2573 1687 2744 1781 quia
2798 1688 2939 1761 sci-

601 1804 788 1899 licet,
839 1812 952 1879 est
999 1805 1214 1901 culpa
1265 1806 1673 1901 hominum,
1727 1827 1872 1880 non
1922 1806 2330 1900 coelorum3
2364 1813 2438 1881 et
2474 1807 2661 1899 ide0,
2712 1810 2789 1881 in
2822 1811 2939 1881 voi

597 1926 661 1996 si
706 1925 1020 2016 cheyyia,
1059 1924 1134 1998 in
1167 1924 1436 2019 quibus
1485 1921 1920 2000 invenietur.
1966 1926 2040 2000 Si
2080 1926 2268 2001 forte
2300 1927 2510 2001 dicis:
2548 1933 2623 2002 et
2672 1947 2934 2021 quare,

601 2051 682 2118 ut
719 2043 979 2137 dixisti,
1015 2045 1282 2120 coelum
1329 2066 1462 2120 nos
1511 2046 1806 2120 inclinat
1851 2045 1946 2120 ad
1997 2047 2503 2140 peccandum?
2535 2046 2697 2122 dico
2738 2045 2935 2140 quod

597 2164 768 2239 nihil
819 2171 966 2258 est3
1017 2165 1190 2259 quia
1241 2165 1397 2260 pari
1450 2166 1669 2240 modo
1732 2166 1970 2240 forma
2035 2166 2363 2241 mulieris
2424 2166 2644 2241 allicit
2694 2166 2934 2240 visum

595 2293 836 2378 tuum,
887 2293 964 2360 et
1011 2307 1231 2381 sapor
1282 2286 1430 2361 vini
1461 2293 1789 2384 gustum,
1825 2293 1898 2362 et
1933 2296 2183 2363 tamen
2221 2288 2491 2362 mulier
2524 2289 2644 2362 vel
2676 2288 2932 2362 vinum

597 2427 741 2480 non
775 2412 884 2480 est
919 2407 994 2480 in
1027 2407 1262 2502 culpa.
1293 2409 1380 2482 Et
1402 2406 1574 2482 dicit
1597 2408 1921 2482 Marcus:
1959 2410 2121 2480 etio
2155 2414 2217 2480 te
2251 2427 2339 2480 ne
2366 2400 2543 2482 saro
2576 2429 2664 2480 or
2696 2411 2931 2482 buona

593 2528 774 2618 spia,
829 2527 1038 2620 quasi
1089 2526 1326 2601 dicat:
1381 2547 1592 2602 more
1641 2526 1812 2600 boni
1873 2526 2357 2620 exploratoris
2426 2527 2742 2602 reseram
2805 2528 2927 2604 tibi

600 2650 986 2726 veritatem
1038 2651 1398 2726 subtiliter
1446 2651 1950 2748 investigatam
2004 2651 2096 2726 de
2163 2651 2434 2744 anima,
2488 2658 2563 2727 et
2612 2673 2806 2728 ecce.
2837 2693 2936 2706 —

597 2775 789 2844 Esce.
832 2771 962 2845 Hic
994 2773 1282 2846 Marcus
1331 2771 1642 2846 ostendit
1690 2771 2102 2846 libertatem
2145 2771 2411 2846 animae
2447 2793 2615 2866 quae
2650 2793 2695 2846 a
2729 2772 2933 2868 prin-

597 2891 780 2986 cipio
831 2890 1052 2967 habet
1099 2891 1522 2987 potentiam,
1559 2892 1685 2966 sed
1721 2912 1868 2966 non
1918 2912 2138 2964 usum
2174 2891 2383 2966 liberi
2418 2892 2731 2966 arbitrii:
2768 2893 2933 2969 ideo

596 3011 942 3107 incipiens
973 3013 1070 3086 ab
1103 3012 1256 3107 ipsa
1293 3012 1528 3108 prima
1563 3011 1924 3087 infusione
1947 3011 2261 3086 ostendit
2286 3012 2657 3107 quomodo
2686 3013 2932 3087 anima

597 3131 814 3206 datur
860 3154 908 3208 a
957 3133 1110 3208 Deo
1169 3153 1356 3227 pura
1415 3139 1492 3208 et
1551 3133 2042 3207 immaculata.
2107 3131 2377 3207 Ordina
2436 3132 2538 3207 sic
2602 3133 2928 3208 literam:

597 3254 901 3326 Ranima
949 3257 1388 3346 semplicelta,
1455 3253 1628 3346 quia
1693 3259 1804 3328 est
1865 3258 2245 3346 tamquam
2311 3252 2563 3327 tabula
2613 3275 2805 3348 rasa,
2858 3254 2933 3327 in

599 3391 744 3465 qua
795 3371 970 3447 nihil
1019 3379 1130 3448 est
1176 3372 1568 3468 depictum,
1621 3378 1788 3467 apta
1843 3378 2011 3446 nata
2061 3372 2394 3468 recipere
2426 3393 2727 3449 omnem
2784 3373 2927 3447 im-

595 3491 1066 3589 pressionem,
1104 3494 1416 3568 formam
1455 3501 1528 3568 et
1571 3492 1884 3589 figuram
1921 3492 2485 3588 imprimendam
2538 3494 2693 3587 sibi,
2728 3497 2930 3568 salvo

593 3618 712 3689 cloe
758 3636 996 3689 mossa
1044 3619 1142 3689 da
1191 3620 1346 3690 tiezo
1389 3619 1675 3710 fauore,
1707 3614 2002 3708 scilicet,
2043 3636 2090 3689 a
2122 3614 2276 3689 Deo
2310 3621 2635 3708 creante,
2686 3617 2935 3687 volon-

598 3737 728 3809 εἰει·
779 3743 1014 3825 torna,
1067 3740 1451 3829 postquam
1503 3740 1614 3809 est
1653 3734 1890 3813 infusa
1930 3734 2246 3828 corpori,
2280 3754 2329 3805 a
2362 3726 2470 3807 οίὸ
2503 3736 2623 3807 che
2661 3738 2733 3807 la
2782 3742 2938 3809 tra-

591 3858 825 3946 stulla,
843 3853 1026 3929 idest
1051 3854 1090 3897 *
1107 3854 1440 3949 delectat,
1469 3875 1618 3927 esce
1639 3855 1718 3927 di
1747 3874 1958 3927 mano
1985 3874 2032 3925 a
2059 3856 2179 3943 lui,
2198 3876 2245 3927 a
2269 3853 2445 3947 Deo,
2472 3856 2593 3926 che
2626 3857 2934 3945 vaylaeey-

589 3980 740 4068 ρέα,
791 3975 1038 4051 idest*
1063 3968 1138 4067 (¹)
1187 3974 1442 4049 alludit
1491 3973 1646 4068 sibi,
1691 3976 1932 4067 prima
1963 3977 2084 4047 che
2113 3977 2251 4065 sia,
2286 3973 2490 4068 idest,
2526 3981 2927 4067 antequam

591 4077 1016 4173 infundatur
1066 4094 1380 4190 corpori,
1431 4116 1480 4167 α
1527 4098 1732 4187 quasa
1779 4097 1856 4168 di
1894 4096 2263 4189 sanciulla,
2315 4094 2522 4188 idest,
2566 4114 2655 4169 eo
2709 4094 2929 4168 modo

593 4236 742 4310 quo
806 4222 1019 4311 pater
1081 4214 1334 4289 alludit
1394 4212 1787 4308 infantulae,
1839 4216 1981 4306 che,
2045 4214 2252 4307 idest,
2318 4232 2487 4306 quae
2554 4212 2931 4307 infantula,

584 4338 1078 4429 paryoteqyia,
1105 4334 1310 4427 idest,
1344 4333 1696 4429 puerizat,
1731 4334 2041 4427 vanizat,
2077 4335 2399 4424 ridendo,
2432 4355 2472 4405 e
2492 4334 2927 4425 pianyendO,

591 4456 786 4551 quia,
839 4462 922 4529 ut
983 4455 1154 4531 dicit
1200 4454 1544 4529 Horatius
1594 4454 1687 4528 de
1737 4472 2005 4548 puero:
2057 4456 2247 4526 iram
2294 4455 2553 4543 colligit
2598 4458 2665 4525 et
2710 4455 2927 4545 depo-

589 4579 694 4650 nit
737 4584 806 4649 et
851 4582 1158 4649 mutatur
1203 4578 1280 4648 in
1326 4577 1564 4647 Ιιοναε.
1595 4612 1694 4627 -
1719 4576 1816 4647 Di
1833 4574 2150 4665 picciolo.
2188 4571 2320 4648 Hic
2358 4574 2647 4647 Marcus
2680 4579 2928 4647 osten-

589 4696 716 4770 dit.
741 4695 917 4789 quid
969 4694 1207 4789 primo
1260 4693 1605 4787 impediat
1652 4692 2003 4786 animam,
2041 4692 2216 4786 quia
2265 4693 2454 4767 sicut
2503 4713 2772 4788 corpus
2824 4700 2935 4767 est

593 4814 1024 4889 naturaliter
1074 4813 1278 4908 prius
1329 4833 1552 4907 quam
1605 4812 1876 4907 anima,
1914 4812 2012 4887 ita
2059 4819 2348 4907 oportet
2384 4812 2621 4907 primo
2657 4814 2931 4889 habere

719 5070 774 5135 (¹)
804 5071 878 5121 Le
910 5070 1088 5134 parole
1119 5072 1202 5121 fra
1230 5071 1248 5121 i
1281 5072 1382 5122 due
1413 5070 1680 5123 asterischi
1711 5084 1804 5123 son
1835 5070 2059 5133 supplite
2089 5070 2174 5121 dal
2206 5068 2393 5121 Codice
2427 5074 2535 5121 117.
2610 5095 2617 5103 ·

4328 6484 4337 6538 ...-
4324 6372 4353 6431 --L
4344 6302 4351 6309 ἱ
