4392 6850
1477 916 1624 1013 284
2204 953 2611 1011 οοΜΕΝΤυΜ
2659 956 3107 1011 maduonn

1479 1109 1650 1177 ieme
1699 1105 1918 1193 officio
1967 1121 2110 1173 non
2160 1122 2564 1193 commesso,
2619 1101 2793 1195 quia
2846 1101 3098 1196 punita
3150 1108 3263 1177 est
3294 1100 3671 1177 evidenter
3714 1108 3824 1175 te-

1477 1221 1777 1295 meritas
1825 1220 2017 1315 Ozae,
2071 1241 2240 1315 quae
2288 1228 2398 1295 est
2460 1222 2735 1317 species
2802 1221 3189 1316 superbiae,
3249 1221 3323 1295 in
3390 1241 3541 1316 quo
3604 1221 3824 1296 datur

1477 1340 1928 1435 exemplum,
1981 1340 2180 1433 quod
2233 1342 2455 1415 bomo
2508 1361 2656 1416 non
2709 1340 3116 1417 immisceat
3147 1360 3231 1417 se
3269 1341 3508 1416 officio
3558 1342 3823 1435 alien0,

1479 1480 1574 1534 ne
1624 1461 1732 1534 ira
1784 1460 2070 1535 Domini
2125 1460 2369 1535 veniat
2418 1480 2641 1556 super
2690 1480 2889 1535 eum.
2944 1460 3033 1533 Et
3080 1461 3197 1536 hic
3248 1468 3423 1537 nota
3460 1461 3661 1555 quod
3692 1461 3825 1535 ali-

1479 1582 1607 1677 qui
1657 1581 1932 1675 dicunt,
1985 1582 2182 1675 quod
2226 1582 2361 1658 iste
2392 1583 2563 1674 Oza,
2601 1589 2817 1656 nocte
2849 1582 3333 1678 praecedente,
3376 1586 3825 1680 cognoverat

1480 1722 1796 1778 uxorem
1863 1723 2104 1795 suam,
2141 1702 2327 1777 ’ideo
2389 1722 2535 1776 non
2594 1702 2849 1778 debuit
2908 1703 3247 1777 manibus
3310 1704 3601 1799 pollutis
3661 1710 3824 1777 tan-

1477 1842 1660 1918 gere
1710 1842 1870 1897 rem
1921 1842 2240 1914 sacram,
2280 1822 2449 1897 licet
2483 1822 2763 1916 absque
2812 1824 2952 1896 hoc
3002 1822 3155 1917 ipse
3195 1822 3415 1897 suerit
3462 1822 3538 1896 in
3588 1821 3823 1896 mani-

1479 1942 1661 2017 festa
1713 1942 1954 2037 culpa,
2005 1942 2178 2036 quia
2230 1962 2377 2017 non
2434 1940 2654 2017 debet
2716 1942 3065 2037 profanus
3131 1948 3435 2037 tangere
3496 1962 3655 2016 rem
3706 1962 3825 2015 sa-

1479 2082 1710 2156 cram,
1746 2084 1917 2137 cum
1945 2062 2038 2137 sit
2061 2064 2346 2139 crimen
2379 2062 2758 2159 sacrilegii.
2788 2064 2870 2136 In
2904 2068 3147 2137 morte
3179 2061 3374 2136 enim
3398 2057 3471 2154 (¹)
3512 2070 3821 2159 purgata

1479 2187 1592 2257 est
1641 2182 2014 2257 temeritas
2065 2184 2260 2275 Ozae‚
2310 2190 2386 2257 et
2436 2182 2589 2277 ipse
2639 2182 2962 2257 salvatus
3012 2189 3142 2256 est.
3196 2182 3286 2255 Et
3343 2182 3572 2277 tangit
3624 2181 3821 2277 jubi-

1480 2303 1828 2377 lationem
1878 2303 2149 2398 populi,
2197 2302 2486 2378 dicens:
2538 2305 2859 2393 dinanzi,
2901 2302 3107 2396 idest,
3158 2309 3331 2377 ante
3380 2302 3647 2377 dictam
3682 2302 3825 2375 Ar-

1483 2443 1674 2514 cam,
1716 2444 1949 2515 parea
1993 2432 2221 2515 yente,
2274 2423 2567 2516 scilicet,
2622 2424 3115 2517 bebraeorum,
3166 2423 3446 2519 sculpta
3496 2424 3573 2497 in
3624 2446 3826 2498 mar-

1487 2564 1716 2637 more,
1753 2564 1790 2615 e
1841 2550 2009 2617 tutta
2059 2551 2325 2637 quanta
2367 2548 2638 2637 partita
2670 2547 2745 2617 in
2776 2552 2937 2618 seue
2976 2547 3151 2637 cori,
3184 2549 3397 2639 facea
3433 2548 3551 2617 dir
3590 2548 3659 2617 a’
3684 2548 3825 2617 duo

1484 2667 1642 2737 miei
1697 2667 1907 2757 sensi,
1958 2664 2251 2760 scilicet,
2314 2664 2503 2739 visui
2554 2672 2629 2741 et
2694 2655 3000 2758 auditui,
3076 2668 3120 2738 l’
3144 2686 3241 2739 un
3300 2686 3471 2757 non,
3530 2665 3823 2759 scilicet,

1487 2790 1757 2877 cantat,
1815 2784 1988 2878 quia
2038 2784 2333 2862 auditus
2368 2784 2539 2860 nibil
2572 2784 2937 2879 audiebat,
2974 2788 3018 2858 1⁹
3045 2788 3231 2859 altr-o
3262 2777 3323 2858 si
3362 2792 3571 2858 canta
3584 2812 3615 2877 ,·
3650 2785 3825 2879 quia

1485 2906 1685 2981 visus
1734 2904 2150 2980 affirmabat
2202 2913 2527 3000 cantum,
2568 2907 2695 2981 sed
2738 2905 3033 2980 auditus
3084 2906 3419 3001 negabat.
3456 2905 3542 2978 Et
3576 2905 3825 2979 similis

1485 3046 1730 3121 pugna
1801 3032 1961 3100 erat
2020 3026 2211 3101 inter
2271 3026 2457 3101 duos
2518 3048 2775 3103 sensus
2838 3027 2913 3105 in
2965 3027 3153 3101 facto
3222 3026 3819 3120 thurificationis3

1485 3146 1683 3221 unde
1731 3145 1946 3220 dicit:
1986 3150 2390 3222 similmenee
2435 3151 2538 3239 912·
2584 3150 2775 3221 occln‘
2820 3168 2861 3219 e
2884 3150 2935 3222 'l
2988 3168 3195 3239 naso,
3248 3148 3452 3240 idest,
3501 3148 3701 3221 visus
3748 3154 3825 3222 et

1485 3267 1858 3359 odoratuS‚
1877 3270 2060 3360 sensi
2083 3270 2394 3341 discordi
2426 3272 2505 3343 al
2524 3272 2723 3362 sumo
2758 3271 2936 3360 deyl’
2962 3272 3224 3342 incensi
3244 3270 3365 3341 che
3398 3270 3463 3341 v'
3482 3290 3609 3341 era
3642 3271 3825 3341 ima-

1483 3389 1753 3479 9inato,
1821 3386 2024 3481 idest,
2080 3386 2441 3484 figuratus
2492 3388 2611 3483 ibi,
2664 3395 2729 3463 et
2776 3391 2853 3462 al
2898 3380 2959 3462 si
3006 3396 3071 3462 ec
3118 3391 3196 3462 al
3247 3409 3389 3482 νιος
3440 3388 3637 3483 quia,
3690 3387 3828 3463 sci-

1486 3508 1676 3600 licet,
1731 3508 1928 3580 visus
1977 3507 2397 3584 affirmabat
2462 3515 2537 3583 et
2592 3509 2925 3584 dicebat:
2992 3494 3179 3584 vere
3230 3509 3347 3583 hic
3412 3516 3523 3583 est
3581 3510 3829 3582 fumus

1490 3626 2062 3718 thuribulorum,
2113 3629 2241 3704 sed
2304 3629 2571 3704 olfatus
2620 3649 2667 3704 e
2742 3634 2997 3704 contra
3068 3650 3215 3703 non
3273 3628 3591 3704 sentiens
3650 3629 3828 3702 odo-

1490 3767 1650 3822 rem
1714 3747 2144 3844 denegabat.
2171 3788 2274 3803 --
2296 3741 2393 3822 Li.
2465 3749 2595 3823 Hic
2663 3757 2877 3843 poeta
2936 3749 3277 3823 describit
3345 3749 3823 3824 bumilitatem

1491 3888 1835 3963 magnam
1903 3867 2126 3942 David
2193 3875 2269 3944 et
2334 3869 2753 3964 superbiam
2825 3869 3115 3963 Michol,
3196 3870 3485 3944 dicens:
3557 3872 3601 3942 l’
3628 3871 3829 3942 umile

1488 3990 1832 4077 salmista,
1865 3987 2157 4081 scilicet,
2194 3988 2422 4062 David
2457 3989 2583 4082 qui
2638 3989 2806 4063 fecit
2856 3990 3195 4084 psalmOS‚
3222 3993 3611 4082 precedeva
3660 3982 3710 4063 12
3758 3992 3834 4062 al

1489 4109 1836 4180 benedetto
1887 4127 2087 4199 vase,
2135 4107 2342 4200 idest,
2405 4109 3035 4203 processionaliter
3099 4110 3249 4183 ibat
3316 4115 3475 4204 post
3542 4106 3832 4201 Arcam,

1491 4231 1788 4319 alzato,-
1812 4248 2021 4303 more
2071 4229 2525 4322 sacerdotali,
2568 4233 2967 4320 ινεεοαηάο,
3004 4229 3186 4305 idest
3234 4229 3694 4306 chorizando.
3747 4229 3831 4302 Et

1491 4369 1639 4424 non
1666 4346 1905 4422 rideas
1941 4348 2079 4442 bic,
2109 4349 2361 4441 lector,
2388 4349 2448 4423 si
2482 4348 2617 4423 iste
2646 4349 3077 4446 magnificus
3110 4356 3184 4424 et
3218 4358 3473 4445 potens
3503 4370 3631 4425 rex
3662 4348 3833 4422 reli-

1491 4467 1696 4563 giose
1747 4468 2054 4542 saltabat
2089 4468 2229 4561 bic,
2270 4488 2441 4542 cum
2486 4469 2636 4542 dux
2690 4490 3043 4543 romanus
3082 4490 3411 4565 paganus
3460 4469 3835 4544 saltaverit

1492 4607 1665 4661 cum
1717 4595 1925 4662 scuto
1977 4588 2071 4662 ad
2123 4588 2395 4663 collum
2448 4589 2541 4662 ad
2592 4589 3021 4663 mandatum
3074 4589 3490 4682 sacerdoti5‚
3536 4599 3619 4664 ut
3666 4588 3837 4662 dicit

1493 4705 1862 4800 Valerius3
1915 4714 1990 4782 et
2039 4708 2244 4783 dicit:
2300 4730 2338 4781 e
2382 4703 2505 4802 pi&
2553 4730 2594 4781 e
2642 4729 2797 4781 men
2844 4711 2963 4781 che
3008 4730 3092 4782 re
3141 4731 3269 4782 era
3308 4712 3382 4782 in
3430 4711 3591 4802 quel
3628 4729 3832 4780 caso.-

1495 4833 1656 4901 erat
1705 4829 1868 4921 plus
1919 4848 2144 4922 quam
2197 4849 2356 4924 rex,
2408 4829 2583 4922 quia
2642 4829 2715 4902 in
2779 4828 3028 4904 habitu
3090 4829 3543 4924 sacerdotali,
3596 4837 3673 4904 et
3730 4829 3837 4902 di-

1618 5087 1674 5148 (¹)
1708 5057 1834 5146 11⁷(
1849 5100 1976 5151 ergo
2009 5091 2243 5151 purgata.
