4392 6850
1511 942 1650 1010 188
2177 953 2591 1010 COMENTUM
2638 950 3079 1008 PunGA'ronn

1503 1101 1958 1175 ridomarum
2011 1117 2267 1193 regem
2319 1098 2393 1172 in
2440 1097 2879 1174 Lombardia
2938 1097 3135 1194 apud
3197 1098 3528 1195 Padum;
3580 1100 3833 1178 deinde

1500 1227 1832 1315 tempore
1896 1217 2194 1294 secundi
2261 1217 2429 1292 belli
2489 1217 2734 1313 punici
2784 1217 2977 1314 cepit
3024 1217 3611 1294 florentissimam
3662 1220 3839 1294 civi-

1501 1345 1728 1414 tatem
1757 1338 2293 1435 Syracusarum
2324 1337 2396 1411 in
2430 1337 2692 1433 Sicilia,
2720 1344 2796 1414 et
2824 1338 3411 1433 frequentissime
3438 1339 3610 1416 vicit
3638 1341 3831 1416 Han·-

1499 1459 1840 1549 nibalem‚
1893 1457 2068 1552 quia
2117 1457 2253 1532 iste
2304 1458 2476 1532 nihil
2527 1458 2698 1533 facit
2746 1457 2839 1533 ad
2890 1457 3384 1554 propositum:
3423 1479 3560 1534 nec
3605 1459 3839 1554 loqui-

1499 1585 1624 1651 tur
1672 1577 1766 1653 de
1815 1577 2153 1652 Marcello
2215 1578 2517 1675 egregio
2574 1576 3117 1654 adolescentulo
3180 1585 3447 1674 nepote
3506 1579 3837 1676 Augusti,

1500 1719 1638 1774 nec
1687 1698 1780 1773 de
1831 1699 2076 1794 aliquo
2126 1698 2271 1772 alio
2322 1698 2661 1773 Marcello
2720 1719 2892 1772 cum
2962 1698 3177 1772 multi
3228 1699 3523 1793 suerint,
3572 1699 3699 1774 sed
3746 1700 3837 1776 de

1497 1820 1838 1895 Marcello
1887 1820 2010 1895 illo
2061 1820 2363 1894 consule
2414 1818 2539 1913 qui
2592 1819 2727 1893 fuit
2776 1818 3305 1894 audacissimus
3352 1820 3835 1916 Pompeianus

1499 1939 1802 2015 infestus
1851 1959 2146 2034 semper
2195 1939 2488 2034 Caesari,
2543 1939 2667 2033 qui
2709 1939 3065 2035 judicavit
3115 1940 3353 2036 ipsum
3405 1943 3713 2034 hostem,
3758 1949 3835 2016 ut

1493 2067 1694 2156 patet
1743 2061 1938 2156 apud
1987 2060 2423 2135 Svetonium
2452 2060 2639 2136 libro
2689 2061 2757 2154 13
2810 2067 3065 2136 contra
3102 2081 3328 2156 quem
3370 2061 3539 2136 dicit
3572 2063 3833 2157 Caesar,

1493 2187 1578 2256 ut
1609 2180 1950 2256 Lucanus
1983 2181 2269 2255 scribit:
2323 2184 2829 2272 Marcellusque
2878 2183 3147 2274 loquo-z·
3196 2188 3263 2254 et
3307 2185 3595 2256 nomina
3646 2203 3831 2256 vana

1498 2303 1799 2374 Catonis.
1853 2300 2024 2375 Vult
2075 2321 2257 2398 ergo
2306 2308 2517 2396 poeta
2570 2301 2817 2376 dicere
2878 2301 3117 2396 tacite,
3170 2302 3369 2395 quod
3418 2302 3607 2377 sicut
3657 2304 3823 2378 olim

1494 2422 1875 2496 Marcellus
1926 2442 2022 2496 ex
2075 2442 2344 2518 magna
2383 2421 2771 2497 affectione
2804 2423 3266 2518 praesumpsit
3316 2429 3389 2498 et
3439 2423 3829 2500 insurrexit

1493 2549 1750 2618 contra
1801 2542 2168 2618 Caesarem
2222 2542 2547 2637 primum
2600 2543 3151 2638 imperatorem,
3203 2543 3301 2617 ita
3350 2543 3567 2620 hodie
3599 2545 3831 2620 omnis

1495 2663 1930 2738 castellanus
1980 2670 2052 2736 et
2104 2662 2418 2738 villanus
2468 2663 2851 2758 praesumit
2898 2669 2973 2738 et
3021 2662 3331 2760 insurgit
3388 2671 3644 2738 contra
3694 2663 3831 2738 im-

1493 2790 1934 2879 peratorem.
1989 2783 2076 2856 Et
2125 2782 2315 2857 bene
2354 2782 2719 2878 judicium
2782 2782 2982 2858 venit
3042 2803 3263 2878 supra
3314 2783 3587 2858 dictum
3642 2786 3826 2859 Mar-

1491 2905 1804 2998 cellum3
1855 2923 2028 2977 nam
2081 2923 2253 2977 cum
2290 2903 2532 2980 Caesar
2576 2903 3141 2980 clementissime
3174 2904 3513 2979 donasset
3553 2904 3685 2979 sibi
3720 2905 3827 2978 vi-

1493 3033 1669 3118 tam,
1724 3023 2020 3118 quidam
2073 3044 2335 3098 servus
2386 3025 2545 3099 eius
2595 3024 3093 3100 crudelissime
3142 3024 3383 3122 gladio
3434 3025 3721 3122 eripuit.

1637 3132 1935 3217 Firenzh
1983 3147 2148 3216 mia.
2202 3144 2342 3218 lsta
2394 3151 2505 3219 est
2554 3150 2817 3239 quarta
2868 3153 2944 3220 et
2992 3145 3249 3220 ultima
3310 3166 3503 3240 parS,
3560 3145 3629 3218 in
3681 3167 3821 3241 qua

1487 3273 1706 3362 poeta
1757 3272 2003 3340 noster
2057 3286 2150 3339 ne
2200 3265 2537 3340 videatur
2588 3265 2855 3339 oblitus
2904 3285 3059 3339 suae
3107 3265 3514 3361 Florentiae,
3553 3266 3644 3342 de
3677 3289 3820 3362 qua

1488 3386 1663 3461 nihil
1723 3384 2009 3460 dixerat
2055 3385 2298 3462 adhuc
2361 3385 2437 3461 in
2496 3385 2632 3461 isto
2700 3385 3153 3483 purgatorio,
3206 3386 3377 3462 facit
3438 3387 3823 3484 specialem

1487 3506 1925 3581 invectivam
1977 3514 2233 3580 contra
2268 3526 2462 3599 eam,
2498 3526 2721 3600 quam
2765 3506 2956 3582 inter
2996 3506 3323 3583 civitates
3369 3507 3591 3581 ltaliae
3640 3528 3825 3603 prae-

1484 3648 1652 3701 sens
1697 3626 2074 3721 negotium
2113 3626 2361 3723 tangit.
2392 3626 2479 3699 Et
2512 3626 2910 3721 alloquitur
2950 3646 3114 3703 eam
3158 3627 3427 3723 pulcris
3460 3648 3825 3705 scomma-

1483 3748 1678 3822 tibus
1708 3745 2057 3820 continuo
2085 3745 2487 3840 ironizans;
2517 3745 2713 3821 unde
2736 3745 2903 3821 dicit
2938 3747 3208 3840 primo:
3235 3752 3536 3821 Firenze
3568 3752 3711 3823 mia
3726 3742 3821 3843 (¹),

1483 3869 1612 3941 ben
1653 3870 1826 3961 puoi
1871 3888 2060 3940 esser
2108 3873 2453 3958 contenta,
2489 3873 2565 3942 et
2615 3867 2780 3942 laeta
2831 3867 3021 3941 inter
3070 3867 3249 3943 alias
3290 3874 3528 3942 terras
3560 3868 3818 3963 ltaliae3

1481 3983 1770 4064 irrisive
1817 3987 2009 4082 dicit,
2062 3988 2272 4082 quasi
2321 3986 2550 4063 dicat:
2604 4008 2753 4061 non
2802 3994 3142 4063 contenta
3202 4008 3448 4085 neque
3511 3988 3702 4084 laeta,
3752 3992 3824 4065 di

1480 4116 1720 4204 questa
1771 4110 2188 4199 diyression,
2242 4107 2447 4201 idest,
2499 4107 2589 4181 de
2640 4107 2774 4181 ista
2826 4107 3359 4183 exclamatione
3409 4129 3635 4201 quam
3686 4108 3819 4187 feci

1481 4231 1580 4306 ita
1631 4230 2068 4327 digressorie
2143 4228 2493 4304 recedens
2556 4249 2600 4304 a
2664 4228 2975 4305 materia
3034 4229 3431 4325 principali,
3494 4238 3567 4307 et
3616 4230 3815 4309 dicit:

1477 4348 1707 4427 merce*
1749 4354 1865 4425 del
1903 4352 2123 4445 popol
2170 4358 2285 4425 tuo
2324 4353 2443 4423 che
2478 4342 2541 4423 si
2590 4357 3030 4441 aryomenta,
3068 4348 3272 4444 idest,
3316 4350 3651 4445 providet
3684 4352 3816 4427 sihi

1479 4480 1860 4566 tamquam
1913 4472 2227 4568 populus
2274 4490 2527 4566 sagax,
2576 4490 2751 4544 cum
2804 4476 3051 4545 tamen
3100 4470 3199 4544 ah
3247 4470 3551 4565 antiquo
3601 4492 3817 4547 voce·

1477 4600 1604 4668 tur
1662 4613 1924 4689 caecuS,
1977 4592 2183 4687 quasi
2237 4591 2449 4686 dicat,
2526 4612 2659 4685 per
2724 4590 3203 4685 contrarium,
3266 4591 3402 4666 ista
3468 4591 3818 4689 digressio

1475 4713 1966 4810 principaliter
2017 4712 2249 4809 tangit
2300 4718 2395 4807 te,
2449 4710 2617 4787 licet
2668 4709 2925 4785 ultimo
2990 4711 3483 4787 converterim
3536 4732 3818 4791 sermo-

1473 4854 1647 4907 nem
1699 4833 1792 4908 ad
1843 4841 1916 4907 te
1967 4834 2182 4928 culpa
2232 4831 2341 4906 tui
2392 4830 2661 4927 populi,
2706 4830 2879 4926 quia
2921 4831 3237 4927 populus
3274 4837 3464 4906 'tuus
3516 4832 3660 4907 cito
3692 4834 3819 4910 de-

1601 5086 1652 5146 (¹,
1689 5089 1796 5147 11⁷,
1830 5086 1964 5143 mim
1995 5086 2160 5149 patria
2191 5098 2327 5147 mea,
2358 5085 2449 5135 ben
2478 5086 2619 5151 puni.
