4392 6850
1406 959 1500 1028 88
2127 971 2539 1026 comma-um
2590 970 3029 1026 Punononu

1408 1119 1706 1216 pediunt
1735 1111 1810 1211 (¹)
1866 1137 2098 1192 unum
2143 1114 2495 1191 visionem
2532 1117 2857 1209 alterius,
2900 1118 3073 1212 quia
3108 1118 3443 1194 videmus
3490 1119 3747 1194 Satur-

1405 1263 1586 1315 num
1625 1260 1770 1314 non
1804 1238 2248 1334 impediente
2272 1227 2343 1330 (¹)
2384 1239 2594 1332 Jove;
2632 1246 2707 1314 et
2752 1259 3021 1334 corpus
3062 1239 3366 1315 Veneris
3401 1242 3521 1314 vel
3552 1241 3747 1315 Mer—

1401 1361 1586 1436 curii
1640 1381 1788 1436 non
1839 1359 2010 1434 facit
2057 1359 2402 1433 umbram
2456 1359 2549 1432 ad
2602 1359 2842 1434 radios
2884 1360 3195 1454 solares;
3246 1367 3523 1455 quanto
3565 1379 3746 1457 ergo

1402 1481 1645 1555 minus
1713 1479 1982 1572 anima,
2051 1499 2221 1574 quae
2270 1487 2382 1555 est
2441 1479 2843 1554 substantia
2895 1479 3309 1575 spirituali5‚
3374 1501 3520 1555 non
3582 1480 3750 1555 facit

1403 1602 1774 1676 umbram.
1810 1600 1994 1674 Dicit
2021 1619 2238 1696 ergo:
2284 1604 2436 1673 Ora
2459 1623 2534 1674 se
2564 1603 2861 1673 innanzi
2893 1624 2941 1674 a
2984 1623 3091 1675 me
3116 1605 3309 1676 nulla
3334 1605 3391 1675 ε’
3420 1603 3745 1693 aombra,

1403 1723 1608 1816 idest,
1661 1721 1720 1794 si
1771 1729 1972 1795 terra
2024 1722 2140 1795 vel
2189 1720 2387 1795 aliud
2440 1741 2707 1816 corpus
2756 1742 2901 1797 non
2935 1723 3429 1797 obumbratur
3464 1723 3579 1797 vel
3615 1721 3747 1796 ob-

1405 1849 1752 1918 scuratur
1801 1862 1933 1938 per
1986 1843 2355 1935 umbram,
2406 1863 2575 1936 quae
2628 1843 3007 1938 proveniat
3058 1865 3103 1918 a
3152 1865 3295 1939 me,
3348 1865 3492 1917 non
3526 1847 3577 1916 li
3608 1859 3749 1916 nw-

1402 1964 1756 2054 raviqliar
1793 1957 1920 2056 pit)
1969 1965 2090 2036 che
2140 1965 2248 2036 de’
2272 1966 2449 2055 cicli,
2500 1965 2619 2037 che
2668 1968 2713 2038 ἴ
2739 1985 2881 2039 nno
2928 1967 3049 2038 all
3076 1969 3263 2039 altro
3297 1968 3555 2057 rayyio
3606 1985 3747 2038 non

1404 2083 1804 2176 inyomhra,
1840 2083 2041 2178 idest,
2095 2105 2243 2158 non
2278 2083 2599 2179 impedit,
2644 2106 2790 2158 nou
2833 2087 3073 2159 obstat
3122 2087 3300 2180 quin
3337 2085 3516 2160 radii
3566 2085 3749 2161 alte-

1407 2205 1561 2279 rius
1611 2203 1772 2278 coeli
1826 2211 2212 2299 penetrent
2270 2210 2345 2278 et
2404 2211 2802 2299 transeant,
2864 2212 2939 2279 et
2997 2226 3192 2279 uuus
3251 2207 3537 2301 planeta
3605 2227 3751 2280 non

1406 2325 1646 2399 obstat
1697 2323 1912 2397 radiis
1963 2324 2290 2417 alterius,
2326 2345 2498 2398 cum
2546 2331 2793 2399 tamen
2845 2325 3051 2399 stella
3102 2323 3193 2398 sit
3239 2325 3532 2401 densior
3582 2347 3750 2423 pars

1407 2444 1647 2519 orbis:
1701 2443 1936 2518 simile
1987 2444 2323 2519 videmus
2376 2444 2449 2518 iu
2500 2444 2931 2540 corporibus
2981 2444 3376 2539 diaphaniS,
3436 2445 3621 2520 sicut
3678 2445 3751 2519 in

1408 2563 1620 2659 vitro,
1671 2585 1802 2659 per
1855 2564 2050 2658 quod
2105 2563 2287 2638 radii
2338 2565 2614 2639 solares
2673 2569 3059 2658 penetrant
3122 2565 3279 2639 sine
3332 2565 3618 2639 umbra.
3654 2589 3754 2619 -·-

1409 2691 1468 2758 Ἀ
1520 2687 1826 2776 soffen'r.
1877 2684 2088 2758 Nunc
2143 2683 2480 2780 Virgilius
2522 2685 2737 2758 solvit
2776 2683 2995 2760 aliam
3050 2685 3527 2780 quaestionem
3581 2707 3749 2780 quae

1408 2804 1649 2880 oritur
1699 2823 1792 2878 ex
1845 2804 2211 2880 solutione
2260 2805 2469 2880 dictae
2521 2805 2941 2900 quaestionis
2955 2830 2975 2900 3
3020 2813 3093 2881 et
3126 2813 3237 2881 est
3279 2805 3490 2881 litera
3540 2807 3751 2882 valde

1407 2925 1635 3019 fortiS,
1671 2931 1746 3000 et
1785 2925 2283 3001 communiter
2316 2927 2511 3000 male
2549 2925 2912 3001 intellecta
2946 2947 2989 3000 a
3024 2927 3381 3023 pluribuS,
3418 2928 3589 3022 quia
3640 2929 3749 3002 lo-

1407 3046 1667 3142 quitur
1715 3047 2035 3119 multum
2091 3048 2352 3121 velate.
2406 3045 2582 3120 Dico
2621 3066 2804 3142 ergo
2839 3047 3036 3140 quod
3070 3046 3411 3144 Virgilius
3448 3069 3751 3144 respon-

1406 3166 1532 3241 det
1581 3165 1961 3260 quaestioni
2015 3167 2274 3260 tacitae,
2313 3187 2536 3261 quam
2584 3167 2823 3240 statim
2863 3168 3131 3242 Dantes
3168 3169 3413 3244 facere
3444 3170 3749 3264 parabat

1408 3288 1526 3362 vel
1577 3287 1819 3361 facere
1870 3293 2176 3382 poterat,
2230 3287 2574 3362 obiiciens
2623 3288 2771 3362 sic:
2834 3289 2941 3361 Tu
3008 3289 3184 3363 dicis
3246 3289 3444 3382 quod
3506 3290 3749 3364 anima

1408 3405 1567 3482 sine
1616 3427 1927 3501 corpore
1980 3428 2124 3481 nou
2175 3407 2345 3482 facit
2396 3406 2768 3502 umbram,
2822 3407 2993 3504 quia
3049 3430 3194 3483 non
3235 3417 3471 3504 potest
3518 3411 3667 3505 pati
3706 3433 3748 3485 a

1411 3527 1626 3602 radiis
1677 3528 2082 3622 solaribus;
2138 3527 2333 3603 unde
2388 3548 2568 3626 ergo
2628 3536 2738 3603 est
2800 3530 2998 3623 quod
3056 3537 3136 3603 tu
3203 3538 3277 3605 et
3337 3532 3457 3605 alii
3518 3538 3753 3627 poetae

1408 3648 1682 3722 vocatis
1745 3644 2067 3721 animam
2130 3649 2503 3743 umbram,
2559 3669 2727 3743 quae
2791 3657 3027 3744 potest
3085 3651 3231 3746 pati
3293 3657 3398 3725 tot
3462 3659 3535 3725 et
3604 3659 3751 3726 tam

1410 3770 1614 3845 varia
1665 3789 1941 3865 genera
2003 3790 2420 3863 poenarum,
2471 3770 2659 3844 sicut
2710 3770 2866 3866 Jam
2938 3771 3309 3846 ostendisti
3377 3772 3553 3845 mihi
3620 3788 3753 3866 per

1407 3896 1648 3964 totum
1703 3888 2096 3983 infernum,
2148 3897 2223 3965 et
2271 3890 2633 3985 promittis
2680 3897 2758 3966 te
2806 3898 3277 3967 ostensurum
3326 3914 3458 3990 per
3510 3900 3748 3968 totum

1410 4010 1974 4108 purgatorium?
2025 4010 2129 4085 Ad
2179 4012 2319 4085 hoc
2372 4012 2761 4105 respondet
2799 4012 3140 4110 Virgilius
3192 4014 3388 4107 quod
3431 4016 3569 4089 hoc
3606 4036 3751 4089 non

1411 4131 1490 4205 fit
1543 4130 1854 4207 naturali
1908 4130 2215 4223 ratione,
2270 4130 2395 4207 sed
2446 4131 2909 4226 dispositione
2968 4133 3231 4208 divina.
3293 4134 3475 4209 Dicit
3526 4154 3749 4230 ergo:

1411 4256 1486 4327 la
1532 4247 1753 4343 vern),
1803 4252 2076 4327 scilicet
2137 4252 2403 4345 divina,
2462 4252 2583 4326 cui
2649 4260 2914 4328 natura
2986 4255 3408 4349 famulatur,
3468 4258 3757 4347 dispone

1407 4376 1619 4447 simili
1663 4376 1903 4467 corpi;
1972 4380 2186 4447 vocat
2248 4373 2551 4447 umbras
2618 4394 2929 4470 corpora
3000 4374 3257 4449 similia
3325 4372 3754 4470 corporibus

1411 4493 1848 4587 coelestibuS‚
1903 4494 2076 4589 quia
2127 4500 2299 4567 sunt
2350 4493 2662 4569 visibiles
2721 4494 2911 4569 sicut
2959 4496 3079 4570 illa
3096 4520 3116 4591 3
3176 4503 3252 4571 et
3302 4504 3414 4571 est
3464 4494 3755 4591 propria

1414 4615 1864 4709 metaphora,
1926 4615 2099 4708 quia
2162 4614 2429 4689 animae
2497 4621 2668 4688 sunt
2733 4614 2827 4690 de
2884 4622 3151 4691 natura
3213 4617 3487 4691 coelesti
3551 4616 3757 4715 inge-

1411 4733 1604 4827 nitae,
1657 4733 2260 4829 incorruptibileS‚
2314 4732 2501 4809 sicut
2536 4741 2609 4809 et
2644 4734 2832 4829 coeIi,
2870 4743 2942 4811 et
2982 4734 3175 4812 bene
3208 4736 3379 4811 dicit
3420 4738 3753 4833 disponit,

1409 4854 1586 4948 quia
1635 4874 1781 4927 non
1831 4861 2002 4927 sunt
2051 4854 2411 4949 dispositae
2458 4874 2593 4949 per
2652 4860 3021 4948 naturam,
3075 4877 3123 4927 a
3182 4860 3493 4949 soffen'r,
3549 4858 3754 4952 idest,

1538 5104 1592 5167 (¹)
1621 5102 1674 5154 S.
1705 5104 1994 5167 impediunt
2025 5106 2273 5157 visionem
2309 5106 2535 5157 alterius.
2754 5108 2809 5172 (²)
2840 5110 2903 5160 Ε.
2938 5124 3039 5162 non
3074 5110 3323 5174 impedire
3354 5110 3555 5163 lovem.
