4392 6850
1324 699 1605 754 CANTus
1654 700 2055 755 vronsmus.
2729 689 2868 756 537

542 844 969 941 Philippum.
1024 844 1111 917 Et
1161 843 1277 917 hic
1312 850 1483 918 nota
1518 844 1716 937 quod
1753 852 1967 941 poeta
2008 822 2502 942 propriissime
2530 840 2604 939 (¹)
2659 852 2878 921 vocat

543 963 948 1060 Philippum
1003 984 1280 1038 novum
1334 963 1697 1040 Pilatum:
1752 966 1939 1040 sicut
1989 966 2183 1040 enim
2237 967 2506 1040 Pilatus
2555 968 2680 1061 qui
2735 966 2874 1051 suit

534 1086 627 1160 de
674 1084 1060 1181 Lugduno,
1110 1084 1375 1159 iniuste
1426 1086 1937 1161 condemnavit
1971 1086 2429 1161 innocentem
2468 1087 2877 1181 Christum3⁴

535 1206 635 1280 ita
688 1205 819 1279 iste
870 1204 1064 1299 apud
1114 1204 1558 1300 Lugdunum
1608 1206 2119 1283 condemnavit
2170 1208 2433 1281 iniuste
2484 1208 2702 1281 istum
2757 1208 2872 1281 in-

540 1333 923 1402 nocentem
980 1325 1281 1400 militem
1334 1326 1595 1429 Christi
1646 1333 1719 1401 et
1768 1328 2087 1422 pugilem
2146 1326 2330 1403 fidei.
2377 1329 2466 1401 Et
2516 1329 2702 1401 sicut
2753 1327 2873 1401 Pi—

541 1450 731 1523 latus
774 1446 941 1521 l’ecit
988 1446 1271 1543 alligari
1323 1446 1689 1521 Christum
1742 1449 1837 1521 ad
1886 1448 2330 1541 columnam,
2367 1456 2440 1523 et
2477 1438 2872 1523 crudeliter

540 1567 926 1663 flagellari3
980 1566 1078 1641 ita
1131 1566 1497 1661 Philippus
1558 1567 1725 1641 fecit
1788 1568 2005 1641 istum
2058 1574 2547 1662 protectorem
2609 1567 2870 1643 Christi

540 1688 825 1784 alligari
874 1687 967 1761 ad
1018 1688 1294 1783 palum,
1330 1694 1405 1762 et
1462 1688 1861 1763 crudeliter
1918 1688 2377 1762 concremari
2414 1709 2584 1762 cum
2639 1690 2872 1782 sociiS,

542 1829 687 1885 non
738 1813 1123 1883 contentus
1173 1808 1415 1903 primo
1472 1808 1925 1883 Bonifacium
1966 1810 2245 1904 cepisse
2313 1831 2446 1905 per
2503 1809 2869 1884 Sciarram

542 1931 633 2007 de
696 1932 1076 2004 Columna.
1142 1929 1327 2004 Dicit
1386 1950 1605 2025 ergo:
1664 1922 1725 2002 si
1772 1932 2049 2003 crudele
2114 1932 2234 2005 che
2300 1922 2406 2004 cio
2471 1934 2598 2004 nol
2643 1932 2874 2021 sazia,

538 2050 830 2144 scilicet,
898 2050 1165 2125 acerba
1234 2069 1434 2123 mors
1500 2048 1873 2143 Bonifacii,
1946 2070 2065 2123 ma
2123 2059 2342 2143 porta
2419 2053 2536 2124 nel
2602 2052 2876 2142 tempi0‚

538 2172 743 2263 idest,
796 2176 1050 2245 contra
1104 2170 1547 2265 templariOS,
1578 2172 1647 2243 le
1677 2172 1917 2261 cupide
1952 2173 2118 2263 vele,
2168 2173 2340 2265 quia
2391 2192 2537 2245 non
2591 2177 2876 2245 tantum

540 2312 629 2366 ex
684 2291 1006 2386 appetitu
1060 2290 1391 2364 vindictae
1442 2297 1801 2383 quantum
1855 2310 1945 2365 ex
1998 2291 2394 2387 cupiditate
2427 2292 2716 2365 inflatus
2767 2298 2880 2365 est

542 2418 798 2485 contra
850 2409 1271 2505 templarios
1322 2408 1449 2503 qui
1501 2416 1711 2484 erant
1762 2410 2106 2483 ditissimi.
2143 2412 2232 2484 Et
2266 2410 2466 2485 dicit:
2501 2432 2720 2484 senza
2751 2413 2876 2485 de-

544 2540 757 2622 crew,
806 2532 1059 2606 dicunt
1122 2530 1369 2623 aliqui,
1421 2529 1693 2605 scilicet
1739 2550 1968 2625 papae,
2029 2530 2152 2604 sed
2219 2552 2364 2605 non
2423 2532 2637 2625 hene,
2701 2532 2875 2627 quia

544 2675 727 2749 papa
784 2654 922 2727 hoc
972 2650 1334 2725 consensit
1362 2642 1479 2743 (¹);
1516 2650 1641 2725 sed
1678 2652 1835 2723 vult
1875 2650 2139 2745 dicere,
2176 2651 2464 2745 iniuste,
2502 2653 2672 2745 quia
2709 2652 2878 2727 fecit

544 2772 675 2847 sihi
724 2773 817 2848 de
880 2772 1259 2847 voluntate
1320 2772 1559 2865 legem
1611 2775 1685 2845 et
1750 2770 1843 2844 de
1906 2770 2159 2846 furore
2221 2772 2622 2846 decretum.
2701 2774 2872 2847 Haec

544 2892 733 2969 sacta
782 2898 961 2993 sunt·
1004 2891 1081 2965 iu
1128 2890 1505 2966 MCCCVlI.
1560 2892 1647 2965 Et
1696 2890 2062 2971 concludit
2092 2892 2312 2987 Hugo
2359 2900 2656 2989 propter
2707 2894 2877 2967 hor-

547 3012 770 3087 renda
824 3016 1120 3106 peccata
1168 3010 1377 3084 istius
1404 3001 1477 3102 (³)
1530 3010 1828 3106 Philippi
1880 3015 2404 3107 apostrophans
2455 3015 2547 3088 ad
2599 3015 2872 3088 Deum:

552 3136 613 3207 Ο
662 3136 923 3223 Siynor
968 3134 1133 3223 mic,
1186 3130 1474 3223 scilicet,
1536 3131 1757 3223 DeuS,
1821 3134 2131 3224 quandO,
2192 3133 2482 3227 scilicet,
2537 3154 2878 3231 egressus

544 3254 733 3343 hinc,
782 3244 957 3325 sard
1004 3254 1076 3324 io
1127 3253 1307 3343 licto,
1358 3251 1646 3343 scilicet,
1700 3259 1944 3327 tecum
1998 3252 2072 3325 in
2123 3253 2481 3348 paradiso,
2535 3275 2584 3327 a
2637 3256 2870 3347 veder,

542 3373 617 3448 in
667 3380 741 3450 te
790 3374 981 3449 sicut
1026 3374 1102 3447 in
1152 3373 1471 3469 speculo,
1508 3375 1581 3446 la
1626 3377 1961 3465 valedella,
1998 3394 2165 3468 quae
2202 3374 2346 3448 cito
2396 3375 2535 3450 erit
2584 3375 2676 3451 de
2709 3376 2880 3450 Phi-

544 3495 755 3591 lippo,
808 3499 928 3570 che
974 3515 1301 3586 nascosa,
1354 3495 1556 3589 idest,
1606 3495 1919 3590 occulta,
1965 3477 2049 3590 sa
2098 3497 2296 3570 dolce
2348 3499 2392 3569 l’
2418 3501 2536 3569 ira
2603 3506 2722 3571 tua
2769 3501 2883 3571 nel

544 3625 659 3690 tuo
708 3623 1023 3690 secreto?
1056 3617 1143 3690 Et
1194 3616 1307 3690 hic
1344 3622 1537 3708 nota,
1576 3615 1774 3709 quod
1809 3622 2022 3710 poeta
2057 3616 2384 3710 loquitur
2419 3618 2534 3692 hic
2570 3620 2877 3714 occulte,

544 3740 716 3832 quia
786 3737 1080 3833 quando
1148 3738 1369 3811 homo
1437 3757 1691 3830 passus
1758 3736 2098 3811 iniuriam
2173 3737 2305 3812 scit
2372 3745 2444 3812 et
2513 3739 2879 3834 cognoscit

546 3859 963 3952 vindictam,
1014 3878 1239 3951 quam
1294 3856 1596 3931 faciliter
1646 3864 1719 3931 et
1768 3855 1911 3931 cito
1970 3857 2183 3930 faciet
2243 3856 2336 3931 de
2395 3857 2536 3952 illo,
2591 3859 2878 3932 laetatur

544 3978 616 4052 in
667 3983 953 4054 secreto
1004 3977 1267 4052 mentis
1316 3997 1490 4050 suae.
1546 3977 1633 4050 Et
1684 3975 1892 4051 dicit:
1942 3975 2138 4050 Vade
2188 3983 2435 4050 tamen
2477 3997 2646 4051 cum
2701 3978 2878 4070 Deo,

545 4100 715 4193 quia
766 4099 959 4172 bene
1006 4099 1288 4172 solvam
1340 4096 1487 4170 tihi.
1540 4095 1646 4170 Ita
1693 4117 1738 4170 a
1792 4095 2001 4169 simili
2053 4096 2223 4170 dicit
2273 4097 2408 4171 iste
2457 4097 2549 4171 de
2581 4097 2690 4171 ira
2725 4098 2876 4193 Dei,

545 4239 713 4313 quae
765 4219 1010 4294 veniet
1038 4219 1240 4313 juste
1290 4225 1365 4293 et
1414 4217 1489 4291 in
1539 4217 1745 4292 brevi
1787 4237 2009 4311 super
2044 4217 2446 4311 Philippum
2485 4225 2558 4291 et
2596 4218 2876 4313 prolem

543 4361 778 4433 suam,
834 4345 915 4413 ut
964 4339 1251 4414 dicetur
1302 4359 1437 4412 suo
1486 4339 1648 4412 loco
1680 4326 1781 4432 (⁴).

696 4454 815 4532 6ἱό
877 4462 981 4533 cla'
1004 4463 1075 4532 io
1140 4460 1357 4532 dicea.
1418 4457 1560 4533 Ista
1620 4464 1731 4533 est
1792 4457 2003 4532 tertia
2068 4478 2236 4552 pars
2301 4458 2660 4554 generalis
2733 4479 2880 4533 non

548 4582 791 4656 minus
842 4581 1134 4676 copiosa
1184 4602 1411 4675 quam
1464 4579 1725 4675 prima,
1763 4579 1835 4653 in
1888 4601 2033 4673 qua
2086 4583 2300 4673 poeta
2352 4579 2754 4653 detestatur
2806 4587 2880 4654 et

1138 4719 1313 4728 ——-

668 4770 721 4830 (¹)
759 4773 866 4830 117,
904 4769 1221 4831 probissime.
1661 4765 1717 4830 (¹)
1753 4771 1861 4826 117,
1896 4769 2161 4818 concessit.

667 4843 721 4906 (⁸)
752 4845 814 4894 E.
846 4845 1019 4895 huius.
1657 4843 1711 4906 (⁸)
1747 4844 1805 4894 Ε.
1838 4845 1957 4896 loco
1986 4844 2039 4893 in
2072 4845 2312 4908 prasenti
2343 4840 2722 4906 compilatione.
