4392 6850
1426 936 1569 1003 5⁰2
2140 948 2550 1005 connmuu
2601 950 3044 1005 ruaouonn

1424 1097 1614 1171 illius
1663 1094 2062 1171 blanditias,
2117 1094 2298 1169 Dicit
2349 1114 2530 1192 ergo
2579 1094 3116 1173 continuative:
3160 1102 3402 1171 Ancor
3451 1120 3596 1173 non
3637 1120 3770 1173 era

1420 1238 1554 1292 sua
1602 1216 1815 1290 bocca
1860 1216 2189 1307 reclausa,
2227 1214 2399 1309 quia
2437 1214 2678 1290 adbuc
2721 1214 3150 1311 persistebat
3201 1217 3274 1291 in
3327 1226 3548 1293 cantu
3601 1241 3766 1315 suo,

1422 1342 1708 1433 quando
1754 1358 1902 1411 tma
1950 1340 2218 1427 donna,
2269 1336 2460 1411 bene
2509 1344 2723 1412 vocat
2773 1336 2985 1411 istam
3034 1336 3432 1435 dominam,
3487 1339 3614 1414 ubi
3675 1339 3768 1414 il-

1422 1460 1571 1536 lam
1622 1464 2017 1536 vocaverat
2068 1457 2447 1550 famulam,
2499 1455 2675 1551 quia
2739 1457 2926 1531 ratio
2985 1456 3204 1533 debet
3251 1458 3636 1553 dominari,
3689 1466 3768 1535 et

1290 1658 1297 1667 ,
1420 1580 1658 1679 passio
1710 1578 2091 1672 famulari3
2142 1596 2486 1671 appar-ve,
2536 1575 2828 1671 scilicet,
2865 1576 2938 1649 in
2970 1578 3278 1672 somnio,
3311 1586 3546 1671 santa,
3589 1578 3764 1674 quia

1421 1700 1644 1776 efficit
1694 1698 2027 1775 homines
2076 1704 2389 1791 sanctos,
2423 1696 2574 1771 imo
2623 1695 2823 1791 deos,
2869 1695 2986 1771 vel
3023 1705 3258 1789 santa,
3297 1698 3477 1773 idest
3525 1698 3764 1793 firma,

1422 1821 1549 1896 ubi
1598 1822 1720 1898 illa
1770 1828 1932 1896 erat
1981 1818 2266 1894 mobilis
2315 1824 2390 1893 et
2441 1816 2831 1910 mutabiliS,
2874 1838 2928 1897 ‚e
2963 1824 3238 1909 presta,
3291 1819 3463 1913 qula
3515 1820 3759 1895 statim

1420 1942 1788 2019 succurrit
1821 1940 2096 2016 bomini
2128 1944 2387 2014 contra
2419 1936 2822 2034 appetitum
2863 1938 3370 2033 sensualitatiS,
3399 1942 3766 2031 lunqkosso

1422 2086 1471 2137 a
1520 2084 1652 2156 me,
1704 2061 1887 2138 idest
1936 2080 2165 2157 prope
2217 2079 2363 2153 me,
2416 2058 2490 2132 in
2541 2058 2872 2132 savorem
2925 2078 3203 2153 meum,
3239 2080 3373 2152 per
3417 2064 3546 2155 far
3593 2063 3766 2133 colei

1421 2188 1741 2279 confusa,
1792 2202 1959 2277 quae
2010 2180 2214 2277 prius
2263 2178 2718 2275 gloriabatur
2765 2176 2858 2251 de
2908 2178 3228 2273 potentia
3279 2184 3355 2253 et
3419 2178 3764 2275 placibili-

1424 2310 1572 2381 tate
1621 2325 1777 2379 sua.
1830 2304 1919 2385 Et
1966 2300 2278 2376 ostendit
2311 2298 2684 2395 quomodo
2731 2298 3046 2372 recurrit
3077 2298 3170 2372 ad
3206 2298 3616 2395 Virgilium,
3650 2299 3762 2375 di-

1420 2447 1642 2502 cens:
1696 2427 1918 2515 dicea,
1969 2420 2260 2515 scilicet,
2313 2439 2453 2516 ego
2507 2418 2798 2511 Dantoe,
2844 2420 3273 2511 steranwnee,
3333 2441 3378 2491 o
3435 2422 3758 2512 ,Viryilio,

1435 2548 1748 2639 ViriniO,
1798 2541 2230 2618 admirative
2279 2539 2628 2634 loquitur,
2681 2540 2792 2613 clei
2837 2532 2880 2611 ὁ
2933 2545 3174 2631 questa
3195 2546 3234 2612 ?
3283 2538 3574 2633 scilicet,
3624 2539 3763 2613 do·

1421 2668 1644 2760 mina,
1696 2670 1848 2738 tam
1900 2662 2310 2757 imperiosae
2360 2658 2810 2734 autoritatis:
2845 2662 3027 2750 etei,
3063 2659 3356 2754 scilicet,
3389 2658 3762 2757 VirgiliuS,

1420 2778 1623 2862 venia
1672 2806 1805 2859 con
1851 2787 1953 2876 ,qli
2000 2784 2192 2857 ecclei
2233 2784 2365 2875 filei
2406 2802 2552 2875 pur
2587 2783 2665 2853 in
2715 2784 2942 2872 quella
2989 2788 3278 2875 onesta;
3323 2788 3397 2855 et
3439 2781 3540 2857 sic
3589 2782 3760 2857 vide

1420 2908 1617 3005 quod
1666 2906 1926 2982 oculus
1976 2902 2224 2979 Daritis
2273 2902 2347 2977 in
2397 2922 2622 2977 carne
2659 2900 2936 2997 positus
2986 2901 3414 2997 respiciebat
3465 2910 3751 2978 tantum

1415 3050 1591 3105 cum
1660 3024 2140 3101 delectatione
2215 3023 2410 3098 illam
2479 3020 2792 3117 primam
2857 3022 3241 3117 lubricam,
3301 3022 3428 3097 sed
3490 3022 3758 3097 oculus

1420 3146 1692 3246 Virgilii
1740 3146 1897 3221 sine
1946 3165 2171 3219 carne
2227 3141 2651 3238 respiciebat
2701 3142 2913 3217 istam
2968 3143 3366 3219 secundam
3403 3164 3576 3219 cum
3619 3164 3756 3221 ve·

1416 3267 1842 3345 neratione:
1894 3266 2015 3341 illa
2065 3264 2262 3339 enim
2324 3263 2706 3339 videbatur
2765 3264 3018 3359 pulcra
3080 3271 3154 3339 et
3211 3264 3563 3360 amabilis,
3615 3265 3753 3341 ista

1415 3410 1595 3466 vero
1644 3386 1897 3485 rigida,
1948 3385 2075 3462 sed
2130 3384 2582 3460 venerabilis,
2635 3386 2724 3460 Et
2774 3384 3016 3460 subdit
3077 3384 3434 3461 maiorem
3493 3393 3754 3483 poten-

1413 3509 1589 3585 tiam
1652 3508 1859 3583 istius
1926 3506 2277 3599 mulieris,
2333 3525 2502 3600 quae
2566 3505 2870 3581 faciliter
2931 3505 3306 3580 confundit
3367 3506 3588 3600 illam,
3639 3507 3754 3580 di·-

1412 3651 1625 3706 cens:
1678 3635 1754 3702 et
1804 3625 1939 3702 ista
1990 3625 2280 3720 mulier,
2323 3629 2644 3718 prendea
2693 3630 2739 3700 Γ
2763 3629 2982 3718 altra,
3033 3628 3150 3702 vel
3201 3627 3540 3723 Virgilius
3589 3627 3748 3721 fuit,

1410 3773 1449 3824 e
1496 3751 1789 3824 dinanzi
1839 3749 1883 3821 ι’
1908 3749 2121 3841 aprio
2163 3749 2516 3841 tendendo
2563 3749 2594 3820 i
2637 3749 2921 3840 drappi,
2973 3753 3048 3822 et
3100 3747 3326 3841 bene3
3363 3768 3532 3822 nam
3583 3749 3752 3842 pul-

1407 3869 1697 3946 critudo
1748 3874 1901 3944 tota
1936 3868 2124 3942 illius
2164 3867 2489 3943 consistit
2522 3869 2762 3942 solum
2798 3868 2872 3942 in
2906 3867 3312 3964 superficie.
3351 3867 3530 3942 Nam
3567 3889 3751 3944 ava-

1411 3991 1572 4067 ritia
1626 3990 1913 4066 videtur
1962 3988 2217 4085 pulcra
2267 3987 2340 4063 in
2390 4009 2603 4084 auro,
2656 3995 2989 4085 argento,
3043 3989 3402 4083 vestibus;
3437 3989 3634 4085 gula,
3671 3991 3746 4064 in

1404 4111 1605 4204 cibis,
1658 4108 1890 4202 vinis;
1957 4109 2252 4182 luxuria
2320 4108 2612 4184 videtur
2661 4108 3106 4205 pulcerrima
3157 4110 3230 4182 in
3283 4111 3742 4205 mulieribus,

1403 4233 1531 4308 sed
1582 4230 1887 4307 interius
1936 4231 2112 4304 latet
2160 4229 2400 4304 omnis
2453 4229 2827 4325 turpitudo
2891 4237 2964 4305 et
3021 4231 3503 4326 abominatio;
3547 4231 3748 4307 unde

1401 4352 1617 4428 dicit:
1670 4373 1707 4424 e
1756 4353 2216 4424 mostravami
2261 4353 2316 4423 il
2361 4355 2621 4442 ventre,
2657 4371 2787 4424 vas
2821 4350 3191 4425 soetidum:
3235 4350 3398 4426 ideo
3441 4352 3746 4426 conclu-

1400 4473 1504 4549 dit
1555 4470 1950 4566 somnium‚
2002 4473 2159 4563 quel
2217 4473 2316 4544 mi
2369 4463 2658 4563 sveqlio,
2709 4469 2914 4564 idest,
2977 4469 3320 4544 excitavit
3387 4489 3506 4545 me
3569 4471 3748 4546 dor-

1402 4594 1779 4685 mientem,
1828 4595 1943 4666 col
1991 4613 2232 4685 puzzo
2294 4593 2413 4664 elce
2473 4593 2544 4664 η’
2571 4593 2784 4666 uscia.
2837 4591 2898 4664 Ο
2961 4612 3186 4684 quam
3248 4591 3459 4683 bene,
3513 4611 3740 4685 quam

1400 4714 1655 4811 pulcre
1703 4712 1874 4788 dicit
1924 4712 2059 4788 iste
2102 4713 2455 4787 honestus
2489 4719 2563 4786 et
2598 4731 2824 4788 verax
2861 4719 3116 4807 poeta:
3153 4731 3396 4786 nonne
3429 4718 3539 4786 est
3579 4733 3741 4788 ma-

1398 4855 1593 4933 gnus
1641 4831 1859 4906 foetor
1908 4832 2112 4907 avari
2150 4832 2276 4926 qui
2313 4831 2539 4907 soedat
2571 4833 2822 4908 omnia
2855 4832 3110 4927 pulcra
3161 4838 3236 4906 et
3285 4831 3739 4908 honorabilia

1399 4977 1536 5031 sua
1568 4953 1909 5027 miseria?
1944 4952 2106 5027 ideo
2156 4951 2428 5048 barpiae
2462 4960 2872 5027 stercorant
2910 4974 3238 5028 mensam
3275 4951 3502 5027 avari.
3538 4951 3741 5040 Qua-

1398 5076 1483 5150 lis
1532 5075 1749 5149 soetor
1798 5072 2089 5171 gulosi?
2140 5093 2384 5148 nonne
2433 5091 2528 5147 ex
2579 5073 2933 5149 ebrietate
2981 5073 3171 5147 cadit
3205 5073 3279 5145 in
3322 5073 3613 5146 lutum?
3650 5093 3740 5147 os
