<?xml version="1.0" encoding="UTF-8"?>
<!DOCTYPE html PUBLIC "-//W3C//DTD XHTML 1.0 Transitional//EN"
    "http://www.w3.org/TR/xhtml1/DTD/xhtml1-transitional.dtd">
<html xmlns="http://www.w3.org/1999/xhtml" xml:lang="en" lang="en">
 <head>
  <title>
</title>
<meta http-equiv="Content-Type" content="text/html;charset=utf-8" />
  <meta name='ocr-system' content='tesseract 3.04.00' />
  <meta name='ocr-capabilities' content='ocr_page ocr_carea ocr_par ocr_line ocrx_word'/>
</head>
<body>
  <div class='ocr_page' id='page_1' title='image "./comentumsuperda02unkngoog_0217.png"; bbox 0 0 4392 6850; ppageno 0'>
   <div class='ocr_carea' id='block_1_1' title="bbox 1409 993 2940 1062">
    <p class='ocr_par' dir='ltr' id='par_1_1' title="bbox 1409 993 2940 1062">
     <span class='ocr_line' id='line_1_1' title="bbox 1409 993 2940 1062; baseline 0.001 -2"><span class='ocrx_word' id='word_1_1' title='bbox 1409 1003 1686 1062; x_wconf 73' lang='lat' dir='ltr'>CANTUs</span> <span class='ocrx_word' id='word_1_2' title='bbox 1734 1007 2100 1061; x_wconf 63' lang='lat' dir='ltr'>Semnus.</span> <span class='ocrx_word' id='word_1_3' title='bbox 2799 993 2940 1062; x_wconf 81' lang='lat'>203</span> 
     </span>
    </p>
   </div>
   <div class='ocr_carea' id='block_1_2' title="bbox 578 1147 2990 5213">
    <p class='ocr_par' dir='ltr' id='par_1_2' title="bbox 578 1147 2990 5213">
     <span class='ocr_line' id='line_1_2' title="bbox 598 1147 2943 1246; baseline 0.002 -27"><span class='ocrx_word' id='word_1_4' title='bbox 598 1186 698 1200; x_wconf 89' lang='lat'>—</span> <span class='ocrx_word' id='word_1_5' title='bbox 721 1149 992 1220; x_wconf 75' lang='lat' dir='ltr'>Altera.</span> <span class='ocrx_word' id='word_1_6' title='bbox 1047 1147 1178 1222; x_wconf 88' lang='lat' dir='ltr'>Hic</span> <span class='ocrx_word' id='word_1_7' title='bbox 1234 1153 1452 1244; x_wconf 91' lang='lat' dir='ltr'>poeta</span> <span class='ocrx_word' id='word_1_8' title='bbox 1511 1148 1712 1243; x_wconf 91' lang='lat' dir='ltr'>ponit</span> <span class='ocrx_word' id='word_1_9' title='bbox 1767 1147 2365 1224; x_wconf 79' lang='lat' dir='ltr'>deliberationem</span> <span class='ocrx_word' id='word_1_10' title='bbox 2437 1149 2714 1246; x_wconf 82' lang='lat' dir='ltr'>Virgilii</span> <span class='ocrx_word' id='word_1_11' title='bbox 2782 1157 2943 1244; x_wconf 85' lang='lat' dir='ltr'>post</span> 
     </span>
     <span class='ocr_line' id='line_1_3' title="bbox 597 1265 2944 1363; baseline 0.001 -21"><span class='ocrx_word' id='word_1_12' title='bbox 597 1268 980 1342; x_wconf 88' lang='lat' dir='ltr'>consilium</span> <span class='ocrx_word' id='word_1_13' title='bbox 1050 1267 1377 1363; x_wconf 87' lang='lat' dir='ltr'>Sordelli‚</span> <span class='ocrx_word' id='word_1_14' title='bbox 1429 1267 1723 1344; x_wconf 86' lang='lat' dir='ltr'>dicens:</span> <span class='ocrx_word' id='word_1_15' title='bbox 1784 1265 2036 1343; x_wconf 80' lang='lat' dir='ltr'>Allora</span> <span class='ocrx_word' id='word_1_16' title='bbox 2097 1272 2154 1343; x_wconf 81' lang='lat' dir='ltr'>il</span> <span class='ocrx_word' id='word_1_17' title='bbox 2214 1271 2355 1343; x_wconf 78' lang='lat' dir='ltr'>mio</span> <span class='ocrx_word' id='word_1_18' title='bbox 2416 1273 2689 1362; x_wconf 69' lang='lat' dir='ltr'>siynor,</span> <span class='ocrx_word' id='word_1_19' title='bbox 2742 1274 2944 1362; x_wconf 75' lang='lat' dir='ltr'>quasi</span> 
     </span>
     <span class='ocr_line' id='line_1_4' title="bbox 599 1387 2936 1484; baseline 0.002 -24"><span class='ocrx_word' id='word_1_20' title='bbox 599 1390 1072 1479; x_wconf 75' lang='lat' dir='ltr'>ammirando,</span> <span class='ocrx_word' id='word_1_21' title='bbox 1107 1388 1200 1463; x_wconf 93' lang='lat' dir='ltr'>de</span> <span class='ocrx_word' id='word_1_22' title='bbox 1235 1397 1500 1464; x_wconf 89' lang='lat' dir='ltr'>natura</span> <span class='ocrx_word' id='word_1_23' title='bbox 1534 1387 1744 1462; x_wconf 92' lang='lat' dir='ltr'>istius</span> <span class='ocrx_word' id='word_1_24' title='bbox 1774 1389 1937 1484; x_wconf 84' lang='lat' dir='ltr'>loci,</span> <span class='ocrx_word' id='word_1_25' title='bbox 1966 1389 2092 1483; x_wconf 90' lang='lat' dir='ltr'>qui</span> <span class='ocrx_word' id='word_1_26' title='bbox 2129 1409 2274 1464; x_wconf 91' lang='lat' dir='ltr'>non</span> <span class='ocrx_word' id='word_1_27' title='bbox 2312 1395 2549 1484; x_wconf 90' lang='lat' dir='ltr'>potest</span> <span class='ocrx_word' id='word_1_28' title='bbox 2586 1390 2771 1464; x_wconf 87' lang='lat' dir='ltr'>adiri</span> <span class='ocrx_word' id='word_1_29' title='bbox 2806 1389 2936 1464; x_wconf 83' lang='lat' dir='ltr'>nisi</span> 
     </span>
     <span class='ocr_line' id='line_1_5' title="bbox 597 1507 2939 1603; baseline 0 -22"><span class='ocrx_word' id='word_1_30' title='bbox 597 1508 692 1582; x_wconf 90' lang='lat' dir='ltr'>de</span> <span class='ocrx_word' id='word_1_31' title='bbox 737 1507 877 1602; x_wconf 91' lang='lat' dir='ltr'>die,</span> <span class='ocrx_word' id='word_1_32' title='bbox 929 1509 1223 1583; x_wconf 89' lang='lat' dir='ltr'>lucente</span> <span class='ocrx_word' id='word_1_33' title='bbox 1263 1509 1437 1603; x_wconf 85' lang='lat' dir='ltr'>sole,</span> <span class='ocrx_word' id='word_1_34' title='bbox 1475 1511 1656 1582; x_wconf 81' lang='lat' dir='ltr'>disse</span> <span class='ocrx_word' id='word_1_35' title='bbox 1680 1534 1704 1582; x_wconf 92' lang='lat'>.·</span> <span class='ocrx_word' id='word_1_36' title='bbox 1753 1529 2048 1582; x_wconf 70' lang='lat' dir='ltr'>menone</span> <span class='ocrx_word' id='word_1_37' title='bbox 2097 1511 2399 1602; x_wconf 79' lang='lat' dir='ltr'>dunque,</span> <span class='ocrx_word' id='word_1_38' title='bbox 2446 1529 2537 1584; x_wconf 84' lang='lat' dir='ltr'>ex</span> <span class='ocrx_word' id='word_1_39' title='bbox 2591 1529 2741 1603; x_wconf 93' lang='lat' dir='ltr'>quo</span> <span class='ocrx_word' id='word_1_40' title='bbox 2793 1529 2939 1584; x_wconf 90' lang='lat' dir='ltr'>non</span> 
     </span>
     <span class='ocr_line' id='line_1_6' title="bbox 596 1620 2934 1725; baseline 0.002 -25"><span class='ocrx_word' id='word_1_41' title='bbox 596 1633 832 1722; x_wconf 90' lang='lat' dir='ltr'>potest</span> <span class='ocrx_word' id='word_1_42' title='bbox 881 1628 972 1702; x_wconf 86' lang='lat' dir='ltr'>iri</span> <span class='ocrx_word' id='word_1_43' title='bbox 1020 1628 1114 1703; x_wconf 92' lang='lat' dir='ltr'>de</span> <span class='ocrx_word' id='word_1_44' title='bbox 1163 1635 1380 1703; x_wconf 88' lang='lat' dir='ltr'>nocte</span> <span class='ocrx_word' id='word_1_45' title='bbox 1430 1629 1524 1704; x_wconf 77' lang='lat' dir='ltr'>&#39;ne</span> <span class='ocrx_word' id='word_1_46' title='bbox 1574 1629 1970 1724; x_wconf 85' lang='lat' dir='ltr'>perdamus</span> <span class='ocrx_word' id='word_1_47' title='bbox 2033 1636 2349 1725; x_wconf 81' lang='lat' dir='ltr'>tempuS,</span> <span class='ocrx_word' id='word_1_48' title='bbox 2401 1620 2475 1703; x_wconf 80' lang='grc' dir='ltr'><em>Ιὰ</em></span> <span class='ocrx_word' id='word_1_49' title='bbox 2523 1631 2697 1724; x_wconf 64' lang='lat' dir='ltr'>done</span> <span class='ocrx_word' id='word_1_50' title='bbox 2772 1633 2934 1722; x_wconf 74' lang='lat' dir='ltr'>dici,</span> 
     </span>
     <span class='ocr_line' id='line_1_7' title="bbox 595 1743 2939 1844; baseline 0.001 -22"><span class='ocrx_word' id='word_1_51' title='bbox 595 1749 866 1823; x_wconf 89' lang='lat' dir='ltr'>scilicet</span> <span class='ocrx_word' id='word_1_52' title='bbox 940 1749 1033 1824; x_wconf 91' lang='lat' dir='ltr'>ad</span> <span class='ocrx_word' id='word_1_53' title='bbox 1109 1750 1356 1824; x_wconf 88' lang='lat' dir='ltr'>locum</span> <span class='ocrx_word' id='word_1_54' title='bbox 1427 1749 1760 1824; x_wconf 87' lang='lat' dir='ltr'>virorum</span> <span class='ocrx_word' id='word_1_55' title='bbox 1833 1749 2255 1842; x_wconf 83' lang='lat' dir='ltr'>illustrium,</span> <span class='ocrx_word' id='word_1_56' title='bbox 2316 1753 2419 1822; x_wconf 76' lang='lat' dir='ltr'>ch’</span> <span class='ocrx_word' id='word_1_57' title='bbox 2446 1771 2619 1824; x_wconf 86' lang='lat' dir='ltr'>aver</span> <span class='ocrx_word' id='word_1_58' title='bbox 2678 1755 2743 1823; x_wconf 82' lang='lat' dir='ltr'>si</span> <span class='ocrx_word' id='word_1_59' title='bbox 2792 1743 2939 1844; x_wconf 73' lang='lat' dir='ltr'>pud</span> 
     </span>
     <span class='ocr_line' id='line_1_8' title="bbox 594 1869 2935 1964; baseline 0 -20"><span class='ocrx_word' id='word_1_60' title='bbox 594 1871 822 1944; x_wconf 78' lang='lat' dir='ltr'>dilecto</span> <span class='ocrx_word' id='word_1_61' title='bbox 856 1871 1304 1964; x_wconf 74' lang='lat' dir='ltr'>dimorandO,</span> <span class='ocrx_word' id='word_1_62' title='bbox 1342 1870 1548 1964; x_wconf 88' lang='lat' dir='ltr'>quasi</span> <span class='ocrx_word' id='word_1_63' title='bbox 1586 1869 1776 1944; x_wconf 87' lang='lat' dir='ltr'>dicat</span> <span class='ocrx_word' id='word_1_64' title='bbox 1809 1869 2073 1945; x_wconf 86' lang='lat' dir='ltr'>tacite:</span> <span class='ocrx_word' id='word_1_65' title='bbox 2111 1869 2406 1964; x_wconf 90' lang='lat' dir='ltr'>quando</span> <span class='ocrx_word' id='word_1_66' title='bbox 2450 1869 2746 1964; x_wconf 90' lang='lat' dir='ltr'>quidem</span> <span class='ocrx_word' id='word_1_67' title='bbox 2792 1891 2935 1945; x_wconf 89' lang='lat' dir='ltr'>non</span> 
     </span>
     <span class='ocr_line' id='line_1_9' title="bbox 596 1987 2937 2087; baseline 0 -23"><span class='ocrx_word' id='word_1_68' title='bbox 596 2010 985 2087; x_wconf 89' lang='lat' dir='ltr'>possumus</span> <span class='ocrx_word' id='word_1_69' title='bbox 1051 2011 1249 2064; x_wconf 89' lang='lat' dir='ltr'>nunc</span> <span class='ocrx_word' id='word_1_70' title='bbox 1313 1990 1616 2066; x_wconf 91' lang='lat' dir='ltr'>tendere</span> <span class='ocrx_word' id='word_1_71' title='bbox 1679 1987 1774 2065; x_wconf 90' lang='lat' dir='ltr'>ad</span> <span class='ocrx_word' id='word_1_72' title='bbox 1843 1991 2123 2065; x_wconf 90' lang='lat' dir='ltr'>bonum</span> <span class='ocrx_word' id='word_1_73' title='bbox 2183 1992 2578 2067; x_wconf 89' lang='lat' dir='ltr'>honestum</span> <span class='ocrx_word' id='word_1_74' title='bbox 2650 1991 2937 2064; x_wconf 83' lang='lat' dir='ltr'>virtutis</span> 
     </span>
     <span class='ocr_line' id='line_1_10' title="bbox 595 2109 2931 2204; baseline 0 -20"><span class='ocrx_word' id='word_1_75' title='bbox 595 2110 983 2184; x_wconf 86' lang='lat' dir='ltr'>tendamus</span> <span class='ocrx_word' id='word_1_76' title='bbox 1031 2109 1123 2184; x_wconf 93' lang='lat' dir='ltr'>ad</span> <span class='ocrx_word' id='word_1_77' title='bbox 1175 2109 1471 2204; x_wconf 83' lang='lat' dir='ltr'>aliquod</span> <span class='ocrx_word' id='word_1_78' title='bbox 1522 2111 1797 2184; x_wconf 89' lang='lat' dir='ltr'>bonum</span> <span class='ocrx_word' id='word_1_79' title='bbox 1861 2110 2287 2186; x_wconf 89' lang='lat' dir='ltr'>delectabile</span> <span class='ocrx_word' id='word_1_80' title='bbox 2337 2112 2455 2186; x_wconf 88' lang='lat' dir='ltr'>vel</span> <span class='ocrx_word' id='word_1_81' title='bbox 2506 2111 2707 2204; x_wconf 87' lang='lat' dir='ltr'>utile,</span> <span class='ocrx_word' id='word_1_82' title='bbox 2762 2111 2931 2204; x_wconf 91' lang='lat' dir='ltr'>quia</span> 
     </span>
     <span class='ocr_line' id='line_1_11' title="bbox 599 2229 2990 2332; baseline 0.001 -28"><span class='ocrx_word' id='word_1_83' title='bbox 599 2231 912 2304; x_wconf 88' lang='lat' dir='ltr'>multum</span> <span class='ocrx_word' id='word_1_84' title='bbox 963 2230 1337 2305; x_wconf 84' lang='lat' dir='ltr'>decorabit</span> <span class='ocrx_word' id='word_1_85' title='bbox 1391 2229 1774 2305; x_wconf 87' lang='lat' dir='ltr'>materiam</span> <span class='ocrx_word' id='word_1_86' title='bbox 1829 2237 2153 2305; x_wconf 88' lang='lat' dir='ltr'>nostram</span> <span class='ocrx_word' id='word_1_87' title='bbox 2220 2231 2701 2306; x_wconf 83' lang='lat' dir='ltr'>consideratio</span> <span class='ocrx_word' id='word_1_88' title='bbox 2763 2231 2934 2306; x_wconf 89' lang='lat' dir='ltr'>ista-</span> <span class='ocrx_word' id='word_1_89' title='bbox 2980 2321 2990 2332; x_wconf 37' lang='grc'>,</span> 
     </span>
     <span class='ocr_line' id='line_1_12' title="bbox 596 2349 2937 2448; baseline 0 -24"><span class='ocrx_word' id='word_1_90' title='bbox 596 2371 763 2424; x_wconf 90' lang='lat' dir='ltr'>rum</span> <span class='ocrx_word' id='word_1_91' title='bbox 816 2349 1233 2424; x_wconf 84' lang='lat' dir='ltr'>animarum</span> <span class='ocrx_word' id='word_1_92' title='bbox 1271 2351 1669 2446; x_wconf 89' lang='lat' dir='ltr'>clararum‚</span> <span class='ocrx_word' id='word_1_93' title='bbox 1715 2371 1884 2446; x_wconf 82' lang='lat' dir='ltr'>quae</span> <span class='ocrx_word' id='word_1_94' title='bbox 1915 2352 2241 2448; x_wconf 82' lang='lat' dir='ltr'>gaudent</span> <span class='ocrx_word' id='word_1_95' title='bbox 2291 2352 2407 2425; x_wconf 89' lang='lat' dir='ltr'>hic</span> <span class='ocrx_word' id='word_1_96' title='bbox 2456 2357 2661 2424; x_wconf 89' lang='lat' dir='ltr'>tanto</span> <span class='ocrx_word' id='word_1_97' title='bbox 2709 2351 2937 2446; x_wconf 85' lang='lat' dir='ltr'>privi-</span> 
     </span>
     <span class='ocr_line' id='line_1_13' title="bbox 593 2471 2933 2569; baseline -0 -23"><span class='ocrx_word' id='word_1_98' title='bbox 593 2471 802 2569; x_wconf 86' lang='lat' dir='ltr'>legio.</span> <span class='ocrx_word' id='word_1_99' title='bbox 847 2471 935 2544; x_wconf 88' lang='lat' dir='ltr'>Et</span> <span class='ocrx_word' id='word_1_100' title='bbox 975 2471 1322 2546; x_wconf 89' lang='lat' dir='ltr'>continuo</span> <span class='ocrx_word' id='word_1_101' title='bbox 1355 2471 1669 2562; x_wconf 87' lang='lat' dir='ltr'>ostendit</span> <span class='ocrx_word' id='word_1_102' title='bbox 1702 2472 2016 2566; x_wconf 87' lang='lat' dir='ltr'>qualiter</span> <span class='ocrx_word' id='word_1_103' title='bbox 2051 2472 2520 2568; x_wconf 90' lang='lat' dir='ltr'>pervenerint</span> <span class='ocrx_word' id='word_1_104' title='bbox 2553 2471 2646 2545; x_wconf 90' lang='lat' dir='ltr'>ad</span> <span class='ocrx_word' id='word_1_105' title='bbox 2682 2471 2933 2546; x_wconf 87' lang='lat' dir='ltr'>viden-</span> 
     </span>
     <span class='ocr_line' id='line_1_14' title="bbox 589 2591 2931 2688; baseline -0.002 -20"><span class='ocrx_word' id='word_1_106' title='bbox 589 2595 764 2668; x_wconf 90' lang='lat' dir='ltr'>dum</span> <span class='ocrx_word' id='word_1_107' title='bbox 817 2593 1065 2667; x_wconf 89' lang='lat' dir='ltr'>locum</span> <span class='ocrx_word' id='word_1_108' title='bbox 1115 2591 1582 2688; x_wconf 83' lang='lat' dir='ltr'>promissum,</span> <span class='ocrx_word' id='word_1_109' title='bbox 1623 2591 1910 2667; x_wconf 90' lang='lat' dir='ltr'>dicens:</span> <span class='ocrx_word' id='word_1_110' title='bbox 1954 2613 2134 2686; x_wconf 83' lang='lat' dir='ltr'>poco</span> <span class='ocrx_word' id='word_1_111' title='bbox 2184 2595 2525 2685; x_wconf 71' lang='lat' dir='ltr'>allunyaci</span> <span class='ocrx_word' id='word_1_112' title='bbox 2564 2595 2931 2666; x_wconf 83' lang='lat' dir='ltr'>c’eravam</span> 
     </span>
     <span class='ocr_line' id='line_1_15' title="bbox 591 2711 2933 2808; baseline -0 -21"><span class='ocrx_word' id='word_1_113' title='bbox 591 2715 666 2787; x_wconf 77' lang='lat' dir='ltr'>di</span> <span class='ocrx_word' id='word_1_114' title='bbox 713 2715 851 2803; x_wconf 78' lang='lat' dir='ltr'>lici,</span> <span class='ocrx_word' id='word_1_115' title='bbox 901 2733 1036 2808; x_wconf 90' lang='lat' dir='ltr'>per</span> <span class='ocrx_word' id='word_1_116' title='bbox 1088 2713 1227 2786; x_wconf 89' lang='lat' dir='ltr'>boc</span> <span class='ocrx_word' id='word_1_117' title='bbox 1277 2712 1772 2807; x_wconf 86' lang='lat' dir='ltr'>praesupponit</span> <span class='ocrx_word' id='word_1_118' title='bbox 1811 2712 2007 2806; x_wconf 92' lang='lat' dir='ltr'>quod</span> <span class='ocrx_word' id='word_1_119' title='bbox 2043 2711 2413 2786; x_wconf 88' lang='lat' dir='ltr'>Sordellus</span> <span class='ocrx_word' id='word_1_120' title='bbox 2454 2712 2771 2788; x_wconf 87' lang='lat' dir='ltr'>duxerat</span> <span class='ocrx_word' id='word_1_121' title='bbox 2804 2733 2933 2787; x_wconf 90' lang='lat' dir='ltr'>eos</span> 
     </span>
     <span class='ocr_line' id='line_1_16' title="bbox 593 2831 2928 2926; baseline -0.002 -18"><span class='ocrx_word' id='word_1_122' title='bbox 593 2853 854 2908; x_wconf 83' lang='lat' dir='ltr'>versus</span> <span class='ocrx_word' id='word_1_123' title='bbox 903 2831 1172 2926; x_wconf 88' lang='lat' dir='ltr'>locum,</span> <span class='ocrx_word' id='word_1_124' title='bbox 1211 2833 1470 2923; x_wconf 80' lang='lat' dir='ltr'>quand&#39;</span> <span class='ocrx_word' id='word_1_125' title='bbox 1487 2835 1558 2904; x_wconf 85' lang='lat' dir='ltr'>io</span> <span class='ocrx_word' id='word_1_126' title='bbox 1592 2834 1682 2904; x_wconf 89' lang='lat' dir='ltr'>m&#39;</span> <span class='ocrx_word' id='word_1_127' title='bbox 1702 2835 1976 2905; x_wconf 80' lang='lat' dir='ltr'>accersi</span> <span class='ocrx_word' id='word_1_128' title='bbox 2003 2833 2124 2905; x_wconf 74' lang='lat' dir='ltr'>che</span> <span class='ocrx_word' id='word_1_129' title='bbox 2154 2834 2207 2905; x_wconf 84' lang='lat' dir='ltr'>’l</span> <span class='ocrx_word' id='word_1_130' title='bbox 2253 2839 2481 2905; x_wconf 79' lang='lat' dir='ltr'>monte</span> <span class='ocrx_word' id='word_1_131' title='bbox 2512 2853 2641 2904; x_wconf 82' lang='lat' dir='ltr'>era</span> <span class='ocrx_word' id='word_1_132' title='bbox 2673 2853 2928 2925; x_wconf 77' lang='lat' dir='ltr'>soemo,</span> 
     </span>
     <span class='ocr_line' id='line_1_17' title="bbox 593 2950 2923 3047; baseline 0 -22"><span class='ocrx_word' id='word_1_133' title='bbox 593 2951 795 3045; x_wconf 88' lang='lat' dir='ltr'>idest,</span> <span class='ocrx_word' id='word_1_134' title='bbox 833 2958 1253 3045; x_wconf 82' lang='lat' dir='ltr'>excavatuS,</span> <span class='ocrx_word' id='word_1_135' title='bbox 1283 2951 1379 3025; x_wconf 92' lang='lat' dir='ltr'>ita</span> <span class='ocrx_word' id='word_1_136' title='bbox 1414 2950 1609 3044; x_wconf 92' lang='lat' dir='ltr'>quod</span> <span class='ocrx_word' id='word_1_137' title='bbox 1645 2957 1806 3026; x_wconf 90' lang='lat' dir='ltr'>erat</span> <span class='ocrx_word' id='word_1_138' title='bbox 1839 2972 1988 3026; x_wconf 92' lang='lat' dir='ltr'>una</span> <span class='ocrx_word' id='word_1_139' title='bbox 2023 2971 2321 3026; x_wconf 89' lang='lat' dir='ltr'>camera</span> <span class='ocrx_word' id='word_1_140' title='bbox 2354 2971 2679 3027; x_wconf 90' lang='lat' dir='ltr'>concava</span> <span class='ocrx_word' id='word_1_141' title='bbox 2715 2953 2923 3047; x_wconf 89' lang='lat' dir='ltr'>plana</span> 
     </span>
     <span class='ocr_line' id='line_1_18' title="bbox 595 3071 2929 3164; baseline 0 -20"><span class='ocrx_word' id='word_1_142' title='bbox 595 3071 778 3146; x_wconf 86' lang='lat' dir='ltr'>intra</span> <span class='ocrx_word' id='word_1_143' title='bbox 834 3077 1185 3164; x_wconf 88' lang='lat' dir='ltr'>montem,</span> <span class='ocrx_word' id='word_1_144' title='bbox 1253 3091 1302 3144; x_wconf 88' lang='lat' dir='ltr'>a</span> <span class='ocrx_word' id='word_1_145' title='bbox 1349 3073 1552 3162; x_wconf 68' lang='lat' dir='ltr'>quise</span> <span class='ocrx_word' id='word_1_146' title='bbox 1609 3073 1728 3144; x_wconf 78' lang='lat' dir='ltr'>che</span> <span class='ocrx_word' id='word_1_147' title='bbox 1774 3073 1804 3145; x_wconf 76' lang='lat' dir='ltr'>i</span> <span class='ocrx_word' id='word_1_148' title='bbox 1849 3074 2112 3145; x_wconf 75' lang='lat' dir='ltr'>vallem·</span> <span class='ocrx_word' id='word_1_149' title='bbox 2165 3091 2447 3144; x_wconf 81' lang='lat' dir='ltr'>sceman</span> <span class='ocrx_word' id='word_1_150' title='bbox 2486 3075 2686 3164; x_wconf 69' lang='lat' dir='ltr'>quivi,</span> <span class='ocrx_word' id='word_1_151' title='bbox 2722 3071 2929 3164; x_wconf 87' lang='lat' dir='ltr'>idest,</span> 
     </span>
     <span class='ocr_line' id='line_1_19' title="bbox 590 3189 2929 3286; baseline 0 -21"><span class='ocrx_word' id='word_1_152' title='bbox 590 3211 633 3265; x_wconf 93' lang='lat' dir='ltr'>a</span> <span class='ocrx_word' id='word_1_153' title='bbox 685 3189 898 3264; x_wconf 90' lang='lat' dir='ltr'>simili</span> <span class='ocrx_word' id='word_1_154' title='bbox 951 3191 1138 3264; x_wconf 89' lang='lat' dir='ltr'>sicut</span> <span class='ocrx_word' id='word_1_155' title='bbox 1188 3190 1521 3266; x_wconf 85' lang='lat' dir='ltr'>videmus</span> <span class='ocrx_word' id='word_1_156' title='bbox 1581 3190 1654 3264; x_wconf 90' lang='lat' dir='ltr'>in</span> <span class='ocrx_word' id='word_1_157' title='bbox 1714 3197 1958 3265; x_wconf 88' lang='lat' dir='ltr'>nostra</span> <span class='ocrx_word' id='word_1_158' title='bbox 2026 3197 2226 3266; x_wconf 88' lang='lat' dir='ltr'>terra</span> <span class='ocrx_word' id='word_1_159' title='bbox 2284 3191 2678 3286; x_wconf 87' lang='lat' dir='ltr'>habitabili,</span> <span class='ocrx_word' id='word_1_160' title='bbox 2732 3190 2929 3286; x_wconf 90' lang='lat' dir='ltr'>quod</span> 
     </span>
     <span class='ocr_line' id='line_1_20' title="bbox 589 3310 2931 3408; baseline 0 -24"><span class='ocrx_word' id='word_1_161' title='bbox 589 3311 794 3386; x_wconf 85' lang='lat' dir='ltr'>vallis</span> <span class='ocrx_word' id='word_1_162' title='bbox 843 3310 1173 3386; x_wconf 88' lang='lat' dir='ltr'>subiecta</span> <span class='ocrx_word' id='word_1_163' title='bbox 1224 3313 1342 3386; x_wconf 87' lang='lat' dir='ltr'>vel</span> <span class='ocrx_word' id='word_1_164' title='bbox 1390 3311 1774 3386; x_wconf 83' lang='lat' dir='ltr'>adhaerens</span> <span class='ocrx_word' id='word_1_165' title='bbox 1811 3313 2037 3385; x_wconf 89' lang='lat' dir='ltr'>monti</span> <span class='ocrx_word' id='word_1_166' title='bbox 2076 3319 2385 3388; x_wconf 83' lang='lat' dir='ltr'>excavat</span> <span class='ocrx_word' id='word_1_167' title='bbox 2426 3312 2663 3408; x_wconf 89' lang='lat' dir='ltr'>ipsum</span> <span class='ocrx_word' id='word_1_168' title='bbox 2718 3332 2931 3386; x_wconf 89' lang='lat' dir='ltr'>mon-</span> 
     </span>
     <span class='ocr_line' id='line_1_21' title="bbox 589 3415 2929 3529; baseline 0 -22"><span class='ocrx_word' id='word_1_169' title='bbox 589 3438 762 3507; x_wconf 88' lang='lat' dir='ltr'>tem.</span> <span class='ocrx_word' id='word_1_170' title='bbox 815 3433 956 3507; x_wconf 90' lang='lat' dir='ltr'>Per</span> <span class='ocrx_word' id='word_1_171' title='bbox 1008 3432 1148 3506; x_wconf 89' lang='lat' dir='ltr'>hoc</span> <span class='ocrx_word' id='word_1_172' title='bbox 1197 3439 1450 3507; x_wconf 89' lang='lat' dir='ltr'>autem</span> <span class='ocrx_word' id='word_1_173' title='bbox 1504 3439 1717 3527; x_wconf 93' lang='lat' dir='ltr'>poeta</span> <span class='ocrx_word' id='word_1_174' title='bbox 1767 3432 2038 3529; x_wconf 85' lang='lat' dir='ltr'>figurat</span> <span class='ocrx_word' id='word_1_175' title='bbox 2071 3432 2269 3526; x_wconf 90' lang='lat' dir='ltr'>quod</span> <span class='ocrx_word' id='word_1_176' title='bbox 2320 3432 2431 3506; x_wconf 89' lang='lat' dir='ltr'>isti</span> <span class='ocrx_word' id='word_1_177' title='bbox 2486 3432 2623 3506; x_wconf 88' lang='lat' dir='ltr'>viri</span> <span class='ocrx_word' id='word_1_178' title='bbox 2675 3415 2929 3507; x_wconf 85' lang='lat' dir='ltr'>valen-</span> 
     </span>
     <span class='ocr_line' id='line_1_22' title="bbox 587 3551 2929 3648; baseline 0 -21"><span class='ocrx_word' id='word_1_179' title='bbox 587 3558 696 3627; x_wconf 65' lang='lat' dir='ltr'>tes</span> <span class='ocrx_word' id='word_1_180' title='bbox 745 3552 1018 3626; x_wconf 89' lang='lat' dir='ltr'>habent</span> <span class='ocrx_word' id='word_1_181' title='bbox 1068 3551 1312 3626; x_wconf 88' lang='lat' dir='ltr'>locum</span> <span class='ocrx_word' id='word_1_182' title='bbox 1368 3559 1738 3627; x_wconf 89' lang='lat' dir='ltr'>remotum</span> <span class='ocrx_word' id='word_1_183' title='bbox 1791 3552 1886 3627; x_wconf 93' lang='lat' dir='ltr'>ab</span> <span class='ocrx_word' id='word_1_184' title='bbox 1926 3551 2082 3626; x_wconf 88' lang='lat' dir='ltr'>aliis</span> <span class='ocrx_word' id='word_1_185' title='bbox 2116 3552 2579 3648; x_wconf 85' lang='lat' dir='ltr'>spectabilem</span> <span class='ocrx_word' id='word_1_186' title='bbox 2641 3553 2714 3626; x_wconf 91' lang='lat' dir='ltr'>in</span> <span class='ocrx_word' id='word_1_187' title='bbox 2766 3553 2929 3627; x_wconf 88' lang='lat' dir='ltr'>loco</span> 
     </span>
     <span class='ocr_line' id='line_1_23' title="bbox 581 3672 2927 3767; baseline 0.001 -20"><span class='ocrx_word' id='word_1_188' title='bbox 581 3672 752 3765; x_wconf 83' lang='lat' dir='ltr'>alto,</span> <span class='ocrx_word' id='word_1_189' title='bbox 805 3672 898 3745; x_wconf 90' lang='lat' dir='ltr'>ad</span> <span class='ocrx_word' id='word_1_190' title='bbox 949 3693 1174 3767; x_wconf 91' lang='lat' dir='ltr'>quem</span> <span class='ocrx_word' id='word_1_191' title='bbox 1227 3672 1595 3748; x_wconf 91' lang='lat' dir='ltr'>Sordellus</span> <span class='ocrx_word' id='word_1_192' title='bbox 1633 3673 1896 3748; x_wconf 91' lang='lat' dir='ltr'>obtulit</span> <span class='ocrx_word' id='word_1_193' title='bbox 1945 3694 2026 3748; x_wconf 92' lang='lat' dir='ltr'>se</span> <span class='ocrx_word' id='word_1_194' title='bbox 2075 3674 2477 3748; x_wconf 89' lang='lat' dir='ltr'>ducturum</span> <span class='ocrx_word' id='word_1_195' title='bbox 2523 3694 2681 3767; x_wconf 87' lang='lat' dir='ltr'>eos3</span> <span class='ocrx_word' id='word_1_196' title='bbox 2730 3674 2927 3749; x_wconf 89' lang='lat' dir='ltr'>unde</span> 
     </span>
     <span class='ocr_line' id='line_1_24' title="bbox 579 3785 2929 3888; baseline 0.001 -22"><span class='ocrx_word' id='word_1_197' title='bbox 579 3791 796 3866; x_wconf 89' lang='lat' dir='ltr'>dicit:</span> <span class='ocrx_word' id='word_1_198' title='bbox 852 3795 1048 3885; x_wconf 80' lang='lat' dir='ltr'>quell’</span> <span class='ocrx_word' id='word_1_199' title='bbox 1075 3794 1352 3886; x_wconf 82' lang='lat' dir='ltr'>embra,</span> <span class='ocrx_word' id='word_1_200' title='bbox 1405 3793 1697 3887; x_wconf 89' lang='lat' dir='ltr'>scilicet,</span> <span class='ocrx_word' id='word_1_201' title='bbox 1767 3794 2159 3888; x_wconf 83' lang='lat' dir='ltr'>SordelluS‚</span> <span class='ocrx_word' id='word_1_202' title='bbox 2222 3797 2441 3869; x_wconf 80' lang='lat' dir='ltr'>disse.-</span> <span class='ocrx_word' id='word_1_203' title='bbox 2489 3785 2647 3868; x_wconf 76' lang='grc' dir='ltr'>οοῖά</span> <span class='ocrx_word' id='word_1_204' title='bbox 2696 3798 2767 3867; x_wconf 85' lang='lat' dir='ltr'>n’</span> <span class='ocrx_word' id='word_1_205' title='bbox 2793 3816 2929 3869; x_wconf 81' lang='lat' dir='ltr'>an-</span> 
     </span>
     <span class='ocr_line' id='line_1_25' title="bbox 580 3912 2934 4011; baseline 0.001 -24"><span class='ocrx_word' id='word_1_206' title='bbox 580 3916 890 4005; x_wconf 72' lang='lat' dir='ltr'>dez-emo,</span> <span class='ocrx_word' id='word_1_207' title='bbox 939 3912 1365 3990; x_wconf 87' lang='lat' dir='ltr'>ostendebat</span> <span class='ocrx_word' id='word_1_208' title='bbox 1415 3916 1519 3990; x_wconf 87' lang='lat' dir='ltr'>eis</span> <span class='ocrx_word' id='word_1_209' title='bbox 1569 3916 1842 4009; x_wconf 89' lang='lat' dir='ltr'>locum,</span> <span class='ocrx_word' id='word_1_210' title='bbox 1893 3916 2070 3989; x_wconf 80' lang='lat' dir='ltr'>dove</span> <span class='ocrx_word' id='word_1_211' title='bbox 2121 3918 2195 3988; x_wconf 82' lang='lat' dir='ltr'>la</span> <span class='ocrx_word' id='word_1_212' title='bbox 2256 3923 2451 3989; x_wconf 80' lang='lat' dir='ltr'>cosla</span> <span class='ocrx_word' id='word_1_213' title='bbox 2494 3920 2655 4011; x_wconf 82' lang='lat' dir='ltr'>sace</span> <span class='ocrx_word' id='word_1_214' title='bbox 2716 3918 2792 3988; x_wconf 80' lang='lat' dir='ltr'>di</span> <span class='ocrx_word' id='word_1_215' title='bbox 2854 3914 2934 3989; x_wconf 69' lang='lat' dir='ltr'>se*</span> 
     </span>
     <span class='ocr_line' id='line_1_26' title="bbox 578 4034 2929 4130; baseline 0.002 -24"><span class='ocrx_word' id='word_1_216' title='bbox 578 4036 892 4127; x_wconf 64' lang='lat' dir='ltr'>arembO,</span> <span class='ocrx_word' id='word_1_217' title='bbox 961 4034 1165 4128; x_wconf 81' lang='lat' dir='ltr'>idest,</span> <span class='ocrx_word' id='word_1_218' title='bbox 1235 4036 1475 4108; x_wconf 88' lang='lat' dir='ltr'>sinum</span> <span class='ocrx_word' id='word_1_219' title='bbox 1549 4040 1623 4109; x_wconf 89' lang='lat' dir='ltr'>et</span> <span class='ocrx_word' id='word_1_220' title='bbox 1699 4035 2245 4130; x_wconf 89' lang='lat' dir='ltr'>receptaculum</span> <span class='ocrx_word' id='word_1_221' title='bbox 2326 4034 2399 4108; x_wconf 90' lang='lat' dir='ltr'>in</span> <span class='ocrx_word' id='word_1_222' title='bbox 2475 4034 2929 4111; x_wconf 86' lang='lat' dir='ltr'>concavitate</span> 
     </span>
     <span class='ocr_line' id='line_1_27' title="bbox 581 4146 2925 4251; baseline 0.001 -24"><span class='ocrx_word' id='word_1_223' title='bbox 581 4155 860 4249; x_wconf 88' lang='lat' dir='ltr'>pulcra,</span> <span class='ocrx_word' id='word_1_224' title='bbox 896 4177 935 4229; x_wconf 84' lang='lat' dir='ltr'>e</span> <span class='ocrx_word' id='word_1_225' title='bbox 967 4146 1040 4228; x_wconf 76' lang='grc' dir='ltr'>ἰὰ</span> <span class='ocrx_word' id='word_1_226' title='bbox 1073 4158 1564 4247; x_wconf 76' lang='lat' dir='ltr'>attenderemO,</span> <span class='ocrx_word' id='word_1_227' title='bbox 1601 4155 1805 4250; x_wconf 86' lang='lat' dir='ltr'>idest,</span> <span class='ocrx_word' id='word_1_228' title='bbox 1841 4155 1938 4229; x_wconf 87' lang='lat' dir='ltr'>ibi</span> <span class='ocrx_word' id='word_1_229' title='bbox 1975 4155 2550 4251; x_wconf 83' lang='lat' dir='ltr'>expectabimuS‚</span> <span class='ocrx_word' id='word_1_230' title='bbox 2593 4159 2651 4229; x_wconf 82' lang='lat' dir='ltr'>il</span> <span class='ocrx_word' id='word_1_231' title='bbox 2694 4178 2925 4230; x_wconf 85' lang='lat' dir='ltr'>nuovo</span> 
     </span>
     <span class='ocr_line' id='line_1_28' title="bbox 580 4274 2919 4370; baseline 0 -23"><span class='ocrx_word' id='word_1_232' title='bbox 580 4278 864 4366; x_wconf 71' lang='lat' dir='ltr'>yiorm,</span> <span class='ocrx_word' id='word_1_233' title='bbox 917 4274 1119 4369; x_wconf 85' lang='lat' dir='ltr'>idest,</span> <span class='ocrx_word' id='word_1_234' title='bbox 1179 4276 1371 4349; x_wconf 89' lang='lat' dir='ltr'>diem</span> <span class='ocrx_word' id='word_1_235' title='bbox 1439 4280 1896 4370; x_wconf 86' lang='lat' dir='ltr'>sequentem,</span> <span class='ocrx_word' id='word_1_236' title='bbox 1947 4276 2048 4350; x_wconf 90' lang='lat' dir='ltr'>ita</span> <span class='ocrx_word' id='word_1_237' title='bbox 2116 4276 2313 4370; x_wconf 90' lang='lat' dir='ltr'>quod</span> <span class='ocrx_word' id='word_1_238' title='bbox 2383 4277 2571 4350; x_wconf 88' lang='lat' dir='ltr'>hauc</span> <span class='ocrx_word' id='word_1_239' title='bbox 2635 4282 2919 4351; x_wconf 88' lang='lat' dir='ltr'>noctem</span> 
     </span>
     <span class='ocr_line' id='line_1_29' title="bbox 581 4394 2925 4489; baseline 0.001 -22"><span class='ocrx_word' id='word_1_240' title='bbox 581 4394 1082 4489; x_wconf 82' lang='lat' dir='ltr'>expendemus</span> <span class='ocrx_word' id='word_1_241' title='bbox 1133 4395 1652 4470; x_wconf 87' lang='lat' dir='ltr'>delectabiliter</span> <span class='ocrx_word' id='word_1_242' title='bbox 1685 4394 1879 4470; x_wconf 91' lang='lat' dir='ltr'>circa</span> <span class='ocrx_word' id='word_1_243' title='bbox 1925 4395 2303 4469; x_wconf 88' lang='lat' dir='ltr'>visionem</span> <span class='ocrx_word' id='word_1_244' title='bbox 2314 4396 2649 4471; x_wconf 87' lang='lat' dir='ltr'>istorum.</span> <span class='ocrx_word' id='word_1_245' title='bbox 2688 4394 2774 4467; x_wconf 89' lang='lat' dir='ltr'>Et</span> <span class='ocrx_word' id='word_1_246' title='bbox 2807 4396 2925 4470; x_wconf 93' lang='lat' dir='ltr'>hic</span> 
     </span>
     <span class='ocr_line' id='line_1_30' title="bbox 581 4513 2922 4611; baseline 0.001 -25"><span class='ocrx_word' id='word_1_247' title='bbox 581 4521 754 4589; x_wconf 92' lang='lat' dir='ltr'>nota</span> <span class='ocrx_word' id='word_1_248' title='bbox 806 4513 1002 4607; x_wconf 91' lang='lat' dir='ltr'>quod</span> <span class='ocrx_word' id='word_1_249' title='bbox 1052 4520 1267 4609; x_wconf 89' lang='lat' dir='ltr'>poeta</span> <span class='ocrx_word' id='word_1_250' title='bbox 1335 4516 1588 4609; x_wconf 90' lang='lat' dir='ltr'>pulcre</span> <span class='ocrx_word' id='word_1_251' title='bbox 1650 4514 1852 4611; x_wconf 81' lang='lat' dir='ltr'>fingit</span> <span class='ocrx_word' id='word_1_252' title='bbox 1919 4516 2118 4608; x_wconf 89' lang='lat' dir='ltr'>quod</span> <span class='ocrx_word' id='word_1_253' title='bbox 2170 4516 2541 4591; x_wconf 90' lang='lat' dir='ltr'>Sordellus</span> <span class='ocrx_word' id='word_1_254' title='bbox 2608 4515 2922 4591; x_wconf 87' lang='lat' dir='ltr'>duxerat</span> 
     </span>
     <span class='ocr_line' id='line_1_31' title="bbox 581 4632 2924 4731; baseline 0.003 -26"><span class='ocrx_word' id='word_1_255' title='bbox 581 4632 754 4706; x_wconf 87' lang='lat' dir='ltr'>istos</span> <span class='ocrx_word' id='word_1_256' title='bbox 806 4639 1058 4727; x_wconf 88' lang='lat' dir='ltr'>poetas</span> <span class='ocrx_word' id='word_1_257' title='bbox 1107 4634 1199 4709; x_wconf 92' lang='lat' dir='ltr'>ad</span> <span class='ocrx_word' id='word_1_258' title='bbox 1251 4634 1644 4710; x_wconf 85' lang='lat' dir='ltr'>videndum</span> <span class='ocrx_word' id='word_1_259' title='bbox 1699 4634 1873 4709; x_wconf 87' lang='lat' dir='ltr'>istos</span> <span class='ocrx_word' id='word_1_260' title='bbox 1923 4635 2120 4709; x_wconf 85' lang='lat' dir='ltr'>viros</span> <span class='ocrx_word' id='word_1_261' title='bbox 2167 4636 2508 4731; x_wconf 84' lang='lat' dir='ltr'>illustreS‚</span> <span class='ocrx_word' id='word_1_262' title='bbox 2558 4635 2737 4729; x_wconf 89' lang='lat' dir='ltr'>quia</span> <span class='ocrx_word' id='word_1_263' title='bbox 2787 4635 2924 4713; x_wconf 89' lang='lat' dir='ltr'>fuit</span> 
     </span>
     <span class='ocr_line' id='line_1_32' title="bbox 585 4754 2925 4852; baseline 0.002 -25"><span class='ocrx_word' id='word_1_264' title='bbox 585 4754 807 4827; x_wconf 85' lang='lat' dir='ltr'>bomo</span> <span class='ocrx_word' id='word_1_265' title='bbox 891 4755 1186 4829; x_wconf 90' lang='lat' dir='ltr'>curialis</span> <span class='ocrx_word' id='word_1_266' title='bbox 1270 4764 1345 4829; x_wconf 89' lang='lat' dir='ltr'>et</span> <span class='ocrx_word' id='word_1_267' title='bbox 1426 4756 1762 4830; x_wconf 90' lang='lat' dir='ltr'>curiosus</span> <span class='ocrx_word' id='word_1_268' title='bbox 1837 4755 2313 4852; x_wconf 85' lang='lat' dir='ltr'>investigator</span> <span class='ocrx_word' id='word_1_269' title='bbox 2378 4763 2451 4831; x_wconf 91' lang='lat' dir='ltr'>et</span> <span class='ocrx_word' id='word_1_270' title='bbox 2520 4756 2925 4831; x_wconf 89' lang='lat' dir='ltr'>admirator</span> 
     </span>
     <span class='ocr_line' id='line_1_33' title="bbox 588 4874 2918 4971; baseline 0.002 -23"><span class='ocrx_word' id='word_1_271' title='bbox 588 4874 922 4949; x_wconf 89' lang='lat' dir='ltr'>omnium</span> <span class='ocrx_word' id='word_1_272' title='bbox 1002 4878 1374 4951; x_wconf 85' lang='lat' dir='ltr'>valentum</span> <span class='ocrx_word' id='word_1_273' title='bbox 1455 4876 1568 4950; x_wconf 90' lang='lat' dir='ltr'>sui</span> <span class='ocrx_word' id='word_1_274' title='bbox 1643 4876 1992 4971; x_wconf 90' lang='lat' dir='ltr'>temporis</span> <span class='ocrx_word' id='word_1_275' title='bbox 2067 4883 2141 4950; x_wconf 89' lang='lat' dir='ltr'>et</span> <span class='ocrx_word' id='word_1_276' title='bbox 2208 4876 2541 4950; x_wconf 89' lang='lat' dir='ltr'>omnium</span> <span class='ocrx_word' id='word_1_277' title='bbox 2609 4878 2918 4953; x_wconf 87' lang='lat' dir='ltr'>virtutes</span> 
     </span>
     <span class='ocr_line' id='line_1_34' title="bbox 585 4995 2917 5092; baseline 0.001 -23"><span class='ocrx_word' id='word_1_278' title='bbox 585 4999 658 5069; x_wconf 92' lang='lat' dir='ltr'>et</span> <span class='ocrx_word' id='word_1_279' title='bbox 709 5014 955 5071; x_wconf 88' lang='lat' dir='ltr'>mores</span> <span class='ocrx_word' id='word_1_280' title='bbox 1011 4996 1282 5081; x_wconf 81' lang='lat' dir='ltr'>sciebat</span> <span class='ocrx_word' id='word_1_281' title='bbox 1343 5004 1417 5072; x_wconf 91' lang='lat' dir='ltr'>et</span> <span class='ocrx_word' id='word_1_282' title='bbox 1477 4995 1864 5072; x_wconf 80' lang='lat' dir='ltr'>referebat.</span> <span class='ocrx_word' id='word_1_283' title='bbox 1893 5034 1994 5049; x_wconf 95' lang='lat'><strong>—</strong></span> <span class='ocrx_word' id='word_1_284' title='bbox 2029 5002 2166 5069; x_wconf 85' lang='lat' dir='ltr'>Tra</span> <span class='ocrx_word' id='word_1_285' title='bbox 2216 5005 2385 5071; x_wconf 83' lang='lat' dir='ltr'>erto.</span> <span class='ocrx_word' id='word_1_286' title='bbox 2441 4998 2651 5071; x_wconf 90' lang='lat' dir='ltr'>Nunc</span> <span class='ocrx_word' id='word_1_287' title='bbox 2704 5003 2917 5092; x_wconf 86' lang='lat' dir='ltr'>poeta</span> 
     </span>
     <span class='ocr_line' id='line_1_35' title="bbox 586 5116 2920 5213; baseline 0 -23"><span class='ocrx_word' id='word_1_288' title='bbox 586 5116 928 5191; x_wconf 87' lang='lat' dir='ltr'>describit</span> <span class='ocrx_word' id='word_1_289' title='bbox 995 5118 1330 5193; x_wconf 86' lang='lat' dir='ltr'>nobiliter</span> <span class='ocrx_word' id='word_1_290' title='bbox 1397 5120 1644 5193; x_wconf 89' lang='lat' dir='ltr'>locum</span> <span class='ocrx_word' id='word_1_291' title='bbox 1707 5116 2014 5191; x_wconf 89' lang='lat' dir='ltr'>istorum</span> <span class='ocrx_word' id='word_1_292' title='bbox 2084 5118 2499 5213; x_wconf 85' lang='lat' dir='ltr'>illustrium,</span> <span class='ocrx_word' id='word_1_293' title='bbox 2569 5123 2652 5191; x_wconf 91' lang='lat' dir='ltr'>ut</span> <span class='ocrx_word' id='word_1_294' title='bbox 2716 5118 2920 5192; x_wconf 88' lang='lat' dir='ltr'>locus</span> 
     </span>
    </p>
   </div>
  </div>
 </body>
</html>
