4392 6850
1226 968 1503 1026 CANTUS
1555 973 1887 1029 meamus¹
1920 973 2308 1029 SECUNDUS.
2790 964 2933 1032 343

589 1119 921 1186 creatura
969 1113 1173 1204 bella,
1225 1114 1496 1190 scilicet
1544 1117 1851 1213 angelus
1901 1117 2024 1212 qui
2079 1118 2243 1213 plus
2303 1118 2523 1192 habet
2577 1118 2671 1194 de
2731 1120 2937 1194 simi-

589 1230 896 1308 litudine
944 1233 1370 1328 pulcerrimi
1404 1235 1772 1312 creatoris
1813 1225 2096 1312 caeteris
2147 1237 2529 1311 creaturis.
2567 1237 2653 1311 Et
2703 1241 2933 1338 tangit

585 1351 781 1426 illius
829 1352 1252 1449 puritatem,
1288 1354 1574 1431 dicens:
1609 1358 1858 1429 bianco
1888 1359 2155 1447 vestita,
2192 1364 2277 1431 ut
2304 1358 2461 1453 jam
2499 1357 2680 1432 dixit
2710 1359 2770 1432 11
2805 1380 2933 1435 ca-

588 1473 819 1569 pitulo
869 1474 1090 1550 huius
1141 1476 1345 1571 libri3
1397 1483 1472 1550 et
1527 1477 1753 1574 tangit
1800 1477 2273 1571 luciditatem,
2324 1478 2610 1554 dicens:
2663 1502 2702 1553 e
2748 1484 2936 1555 nella

584 1598 819 1690 faccia
868 1599 1030 1687 tale,
1081 1595 1285 1689 idest,
1323 1604 1472 1672 tam
1516 1596 1951 1691 splendidus,
1987 1600 2159 1689 qual
2187 1602 2527 1672 mamma
2565 1604 2762 1675 stella
2788 1622 2935 1694 par

588 1720 1054 1807 tremotando,
1104 1717 1400 1812 scilicet,
1443 1717 1711 1813 VenuS,
1747 1740 1915 1813 quae
1965 1726 2075 1792 est
2126 1718 2566 1824 lucidissima
2614 1721 2928 1796 aliarum
3006 1734 3012 1741 ·

588 1837 993 1932 stellarum,
1047 1839 1342 1933 quando
1391 1840 1734 1935 praecedit
1782 1840 2011 1914 solem
2077 1839 2170 1914 de
2230 1860 2448 1915 mane
2501 1840 2573 1914 in
2624 1843 2930 1938 oriente,

588 1964 664 2033 et
713 1964 1024 2033 vocatur
1072 1959 1386 2053 Lucifer,
1422 1960 1610 2035 sicut
1659 1952 1936 2035 dictum
1971 1968 2083 2036 est
2114 1960 2356 2055 primo
2390 1962 2706 2057 capitulo
2741 1963 2934 2037 Pur-

587 2080 873 2176 gatorii.
925 2081 1017 2154 Et
1066 2087 1240 2155 nota
1291 2080 1488 2175 quod
1539 2081 1860 2176 primum
1905 2081 2253 2179 angelum
2308 2100 2535 2175 quern
2589 2082 2763 2156 vidit
2812 2103 2934 2157 as-

585 2198 928 2275 similavit
976 2200 1182 2275 Marti
1235 2200 1309 2274 in
1359 2201 1745 2296 splendore
1794 2200 2236 2295 flammanti3
2272 2200 2494 2274 istum
2539 2221 2718 2277 vero
2751 2202 2934 2277 assi-

589 2320 795 2395 milat
832 2321 1120 2416 Veneri,
1157 2340 1326 2416 quae
1358 2327 1470 2396 est
1503 2321 1769 2397 clarior
1797 2332 1879 2425 et,
1895 2321 2220 2417 pulcrior
2254 2323 2505 2415 Marte,
2535 2328 2610 2396 et
2645 2322 2933 2397 videtur

589 2442 826 2517 maior
889 2443 1166 2536 Marte3
1219 2442 1384 2517 ideo
1446 2442 1620 2537 quia
1668 2442 1961 2517 videbat
2017 2441 2224 2517 illum
2284 2462 2331 2516 a
2381 2442 2600 2540 longe
2647 2443 2933 2517 assimi-

589 2562 763 2637 lavit
811 2561 1060 2656 Marti3
1112 2562 1335 2636 istum
1389 2582 1569 2637 vero
1620 2561 1912 2637 videbat
1960 2562 2054 2638 de
2105 2583 2355 2657 prope,
2391 2562 2555 2637 ideo
2596 2582 2772 2637 eum
2811 2585 2934 2638 as-

589 2681 928 2757 similavit
979 2681 1279 2775 Veneri3
1332 2681 1607 2757 fecerat
1667 2682 1890 2758 etiam
1945 2683 2182 2756 visum
2252 2683 2684 2777 acutiorem,
2757 2683 2931 2778 quia

579 2802 737 2899 jam
789 2803 1022 2877 multa
1075 2802 1358 2877 viderat
1407 2800 1500 2876 de
1553 2822 1783 2899 regno
1818 2802 1980 2896 isto,
2015 2809 2090 2878 et
2123 2809 2573 2899 purgaverat
2606 2804 2928 2899 primum

590 2921 846 2996 vitium
899 2919 1324 3017 pessimum.
1377 2921 1467 2995 Et
1513 2922 1826 2997 ostendit
1876 2922 2050 3017 quid
2087 2922 2343 2998 fecerit
2390 2923 2699 3019 angelus
2748 2942 2929 3020 erga

586 3063 688 3137 se,
739 3043 1034 3118 dicens:
1088 3046 1151 3117 le
1199 3044 1484 3117 bruccia
1531 3064 1806 3136 aperse,
1856 3043 2044 3118 sicut
2095 3050 2294 3119 recte
2354 3043 2524 3117 facit
2572 3042 2929 3118 Dominus

584 3163 1170 3261 gratulabundus
1242 3162 1538 3257 quando
1607 3163 1862 3259 recipit
1935 3183 2238 3238 servum
2315 3164 2749 3238 redeuntem
2830 3162 2923 3237 ad

586 3283 904 3381 gratiam
970 3290 1132 3379 post
1197 3303 1566 3358 recessum
1620 3291 1694 3358 et
1745 3283 1997 3358 fallum
2061 3304 2318 3378 suum3
2372 3283 2535 3358 ideo
2594 3283 2811 3358 dicite
2864 3290 2930 3356 et

584 3404 736 3478 indi
787 3425 1038 3498 aperse
1086 3405 1132 3478 Γ
1157 3406 1294 3494 ale,
1333 3425 1372 3477 e
1420 3405 1642 3477 disse.-
1681 3406 1924 3495 venite,
1957 3404 2332 3498 audacter,
2368 3407 2487 3497 qui
2519 3424 2651 3476 son
2675 3423 2929 3496 presso

586 3527 614 3598 i
657 3528 902 3617 σκιαί,
953 3524 1245 3617 scilicet,
1288 3523 1630 3598 secundae
1670 3523 1908 3617 scalae,
1951 3543 2120 3618 quae
2157 3524 2360 3598 ducit
2391 3524 2485 3598 ad
2520 3523 2928 3599 secundum

589 3646 990 3740 circulum,
1042 3652 1115 3720 et
1155 3644 1348 3739 dicit,
1390 3644 1588 3739 quod
1611 3644 1885 3718 melius
1924 3652 2057 3736 est,
2093 3651 2159 3717 ec
2194 3647 2702 3736 ayevolemence
2734 3648 2926 3717 omai

582 3769 645 3838 si
691 3770 868 3858 sale,
920 3765 1124 3858 idest,
1186 3764 1489 3840 faciliter
1537 3756 1611 3856 (¹)
1677 3763 2097 3839 ascenditur
2145 3763 2415 3838 amodo
2465 3764 2557 3838 ad
2617 3770 2925 3839 caeteros

583 3885 920 3979 circulos,
972 3885 1145 3979 quia
1197 3884 1397 3960 eritis
1449 3886 1648 3959 leves
1697 3884 2077 3959 exonerati
2127 3882 2563 3980 gravissimo
2601 3883 2927 3979 pondere

582 4004 967 4100 superbiae.
1034 4004 1392 4100 Superbia
1455 4003 1652 4079 enim
1718 4003 1961 4078 aufert
2025 4002 2288 4096 Deum,
2340 4001 2609 4078 invidia
2674 4003 2963 4097 proxi--

577 4145 816 4220 mum,
853 4124 962 4200 ira
1005 4125 1349 4221 seipsum.
1385 4125 1474 4202 Et
1500 4115 1576 4217 (¹)
1611 4124 1976 4199 exclamat
2007 4130 2225 4219 poeta
2259 4122 2591 4197 dolenter
2624 4142 2717 4197 ex
2753 4123 2920 4197 hoc:

579 4248 792 4319 molto
837 4248 1035 4338 radi,
1075 4246 1280 4338 idest,
1315 4245 1527 4321 valde
1571 4245 1808 4339 pauci,
1853 4265 2126 4337 veqnon
2162 4264 2212 4315 a
2254 4250 2487 4334 questo
2528 4247 2914 4338 annunziO,

581 4365 754 4460 quia
803 4364 1222 4461 paucissimi
1274 4365 1651 4441 habilitant
1700 4385 1782 4439 se
1830 4369 1907 4438 et
1962 4363 2350 4458 disponunt
2410 4362 2504 4436 ad
2569 4361 2925 4458 recipien-

579 4485 748 4560 dam
793 4485 1106 4583 gratiam
1146 4504 1278 4580 per
1317 4485 1856 4582 purgationem,
1893 4503 2061 4579 quae
2092 4503 2390 4578 semper
2424 4481 2693 4577 apertis
2734 4482 2923 4557 ulnis

579 4613 688 4682 eet
735 4612 994 4702 parata
1042 4605 1136 4682 ad
1190 4604 1689 4701 recipiendum
1744 4604 2158 4698 hominem3
2202 4603 2367 4679 ideo
2406 4603 2615 4677 dicit:
2652 4624 2699 4676 o
2728 4611 2928 4695 yente

578 4748 845 4801 amana
881 4749 1022 4820 per
1071 4729 1279 4800 volan·
1323 4746 1408 4800 su
1456 4732 1659 4817 nata,
1710 4723 1914 4818 idest,
1963 4724 2055 4798 ad
2109 4725 2307 4798 hunc
2357 4723 2578 4798 finem
2649 4730 2735 4796 ut
2791 4744 2924 4818 per

579 4851 889 4924 virtutes
940 4847 1158 4922 saclas
1205 4846 1334 4921 tibi
1395 4847 1673 4922 aditum
1739 4845 1831 4919 ad
1895 4845 2194 4939 coelum,
2250 4844 2375 4918 ubi
2439 4843 2704 4918 fruaris
2753 4865 2925 4939 per-

703 5036 761 5097 (¹)
791 5035 854 5085 E.
890 5034 1091 5085 facilins
1122 5034 1416 5085 ascenditur
1446 5032 1726 5084 admodum
1758 5030 1824 5081 nd
1855 5036 2088 5082 ceteros.

703 5108 762 5174 (²)
793 5112 854 5163 B.
885 5111 1305 5177 exclamabttque
1334 5115 1504 5175 poeta.
