4392 6850
1257 996 1538 1051 cmm-us
1585 996 1898 1052 nmmos
1947 996 2235 1051 ramus.
2769 978 2911 1053 319
2957 998 2982 1019 ²

567 1166 677 1221 ea.
713 1144 884 1219 Ideo
917 1143 1036 1217 hic
1069 1144 1368 1217 damnat
1402 1143 1796 1237 superbam
1834 1143 2146 1240 gloriam
2193 1148 2269 1217 et
2318 1144 2606 1237 meritc,
2646 1144 2817 1237 quia
2838 1136 2913 1235 (⁴)

567 1266 684 1341 hic
737 1265 964 1341 tendit
1013 1265 1104 1338 ad
1156 1263 1680 1359 poenitentiam.
1711 1269 1923 1337 —Ec
1967 1267 2059 1337 io·
2111 1262 2242 1337 Hic
2276 1269 2489 1358 poeta
2524 1263 2773 1337 laudat
2804 1262 2919 1337 di-

567 1393 766 1461 ctum
821 1383 1153 1478 Odorisii,
1203 1389 1280 1458 et
1330 1382 1504 1478 petit
1553 1383 1648 1457 de
1697 1383 2042 1479 praedicto
2091 1384 2373 1479 spiritu,
2426 1382 2709 1458 dicens:
2746 1391 2812 1457 ec
2846 1386 2917 1456 io

567 1530 616 1581 a
665 1506 784 1599 lui,
837 1506 1118 1601 supple,
1167 1504 1314 1577 dixi
1379 1504 1474 1577 ini
1528 1502 1896 1579 odorisio:
1943 1512 2060 1578 tuo
2109 1526 2234 1578 ver
2294 1506 2411 1577 dir
2474 1507 2915 1595 m’incuora,

567 1626 774 1719 idest,
837 1624 1040 1721 ponit
1100 1624 1272 1697 mihi
1331 1623 1406 1697 in
1465 1624 1710 1719 corde,
1771 1625 2006 1698 buona
2064 1616 2356 1717 umilitd,
2410 1647 2447 1699 e
2514 1628 2603 1698 m’
2626 1628 2919 1719 appiani

568 1768 760 1839 yran
807 1754 1066 1835 tumor,
1127 1746 1330 1838 idest,
1393 1745 1680 1841 mitigas
1741 1744 1812 1819 in
1886 1766 2008 1821 me
2061 1766 2405 1842 magnam
2470 1742 2915 1821 inflationem

570 1874 894 1941 ventosae
943 1866 1219 1963 gloriae.
1273 1864 1428 1939 Hoc
1475 1865 1667 1959 dicit,
1723 1866 1894 1959 quia
1949 1866 2102 1961 ipse
2149 1864 2545 1959 aliquando
2594 1869 2915 1941 multum

569 1988 846 2062 amavit
895 1986 1252 2083 gloriam3
1303 1993 1378 2059 et
1429 1986 1646 2081 petit:
1696 2008 1814 2059 ma
1864 1988 1974 2059 chi
2021 1984 2063 2061 e*
2107 1990 2290 2061 colui
2336 1990 2413 2060 di
2458 1991 2569 2060 cui
2620 1994 2689 2061 tu
2732 2008 2921 2080 par-

572 2108 716 2181 lavi
747 2114 936 2181 ora?
985 2106 1190 2201 idest,
1233 2107 1354 2181 ille
1403 2106 1728 2181 famosus
1771 2113 2044 2201 tuscus,
2081 2108 2174 2183 de
2210 2128 2361 2201 quo
2410 2108 2703 2183 dicebas
2740 2109 2916 2183 mihi

573 2232 822 2303 nunc?
855 2230 944 2301 Et
977 2216 1178 2323 ponit
1229 2227 1776 2321 responsionem
1819 2226 2122 2301 Odorisii
2161 2228 2287 2321 qui
2330 2228 2745 2303 manifestat
2782 2248 2919 2303 no-

571 2366 744 2423 men
793 2354 868 2422 et
917 2348 1208 2442 culpam
1261 2346 1450 2420 illius
1503 2346 1832 2441 spiritus;
1873 2347 2068 2422 unde
2107 2346 2313 2422 dicit:
2359 2350 2611 2440 queyli,
2646 2349 2919 2423 scilicet

569 2469 962 2564 OdorisiuS,
1013 2472 1319 2561 fispose:
1353 2472 1780 2541 Provenzan
1813 2470 2104 2541 Salvani
2137 2466 2178 2543 ὁ
2206 2472 2349 2559 qui,
2394 2468 2467 2542 in
2520 2470 2653 2543 ista
2704 2470 2913 2567 gravi

573 2608 826 2687 poena3
880 2596 956 2664 et
1007 2608 1182 2664 ecce
1231 2606 1558 2681 causam,
1612 2580 1792 2681 pero*
1841 2589 1962 2661 che
2004 2592 2086 2682 su
2143 2597 2636 2681 presuntuow,
2682 2595 2921 2665 teme-

573 2712 748 2785 ritas
801 2716 912 2785 est
965 2732 1112 2785 una
1163 2711 1256 2785 de
1318 2710 1604 2784 filiabus
1673 2710 2057 2805 superbiae,
2110 2732 2157 2781 a
2208 2730 2419 2783 recar
2480 2714 2692 2784 Stena
2749 2718 2921 2785 tutta

577 2834 711 2905 alle
748 2852 872 2905 sue
911 2834 1130 2923 mani,
1167 2830 1372 2925 idest,
1405 2830 1498 2905 ad
1535 2828 2038 2904 reducendum
2089 2836 2315 2904 totam
2354 2832 2663 2926 patriam
2702 2852 2913 2906 suam

579 2952 652 3025 in
703 2972 916 3026 suam
972 2956 1446 3047 potestatem:
1500 2950 1634 3023 suit
1684 2950 1880 3025 enim
1916 2950 2239 3026 senensis
2271 2952 2633 3047 gloriosus
2672 2957 2748 3027 et
2789 2966 2925 3027 va·‘

573 3094 734 3148 nus.
791 3074 877 3147 Et
927 3072 1156 3169 tangit
1203 3070 1756 3145 diuturnitatem
1805 3092 2042 3167 poenae
2085 3072 2279 3147 ultra
2313 3074 2773 3169 gravitatem,
2810 3073 2923 3147 di-

574 3214 796 3270 cens:
847 3197 944 3268 ito
1011 3186 1054 3267 e*
1113 3185 1256 3265 cosi
1305 3212 1343 3265 e
1405 3212 1498 3265 va
1544 3213 1762 3265 senza
1827 3196 2069 3284 riposo
2129 3197 2257 3285 poi
2328 3196 2447 3266 che
2508 3187 2715 3287 mori,
2760 3194 2917 3289 jam

574 3314 825 3411 viginti
877 3334 1144 3388 novem
1196 3313 1444 3407 annis3
1497 3318 1570 3387 et
1619 3312 1930 3387 ostendit
1979 3312 2177 3407 quod
2223 3334 2437 3409 poena
2485 3335 2925 3411 correspon-

575 3437 696 3512 det
762 3437 1021 3531 culpae,
1088 3435 1382 3508 dicens:
1434 3433 1543 3507 chi
1589 3431 1632 3508 e*
1679 3441 1930 3527 troppo
1991 3455 2144 3524 080,
2197 3434 2403 3530 idest,
2466 3436 2925 3530 quicumque

577 3562 685 3631 est
735 3555 952 3629 nimis
1001 3555 1269 3649 audax,
1342 3553 1512 3648 quia
1583 3555 1968 3650 superbire
2029 3575 2178 3628 non
2238 3561 2347 3629 est
2410 3556 2635 3652 aliud,
2696 3577 2921 3650 quam

575 3695 797 3773 super
848 3677 1028 3750 alios
1079 3677 1268 3750 velle
1301 3676 1434 3770 ire,
1469 3677 1546 3749 di
1578 3666 1676 3766 ed,
1719 3675 2010 3770 scilicet,
2047 3676 2119 3748 in
2174 3675 2452 3752 mundo
2500 3677 2925 3774 viventium,

491 3876 496 3882 ,
576 3800 794 3870 rende
839 3799 1029 3870 colat
1073 3803 1374 3886 moneta,
1441 3796 1642 3890 idest,
1711 3795 1844 3870 luit
1903 3816 2198 3891 poenam
2264 3804 2417 3871 tam
2494 3797 2816 3896 dignam,
2880 3821 2929 3874 a

576 3919 915 4013 sodissar,
967 3917 1172 4009 idest,
1205 3917 1296 3992 ad
1349 3916 1936 3992 satisfaciendum
1974 3917 2237 3991 divinae
2260 3919 2803 4014 Justitiae.—Et
2830 3926 2922 3996 io.

577 4035 706 4113 Hic
757 4043 970 4133 poeta
1023 4043 1274 4112 movet
1325 4057 1548 4111 unam
1587 4037 2108 4112 dubitationem
2146 4040 2343 4114 circa
2385 4040 2657 4115 dictum
2714 4043 2929 4138 spiri·-

577 4165 762 4254 tum,
816 4162 891 4232 et
941 4156 1262 4232 breviter
1313 4157 1488 4251 petit
1537 4158 1910 4252 quomodo
1951 4159 2086 4232 iste
2133 4161 2555 4254 pervenerit
2605 4162 2696 4236 ad
2748 4181 2930 4258 pur-

579 4277 974 4376 gatorium,
1013 4277 1138 4372 qui
1173 4277 1476 4352 deberet
1509 4298 1670 4352 esse
1721 4283 1955 4373 extra,
1999 4279 2171 4372 quia
2208 4279 2521 4354 tardavit
2564 4281 2929 4376 poeniten-

582 4399 751 4473 tiam
811 4415 1050 4492 usque
1097 4397 1190 4472 ad
1245 4404 1581 4473 mortem.
1637 4397 1842 4474 Unde
1894 4405 2231 4494 repetens
2281 4401 2481 4496 illud,
2524 4404 2719 4498 quod
2763 4403 2920 4500 jam

580 4519 846 4594 totiens
895 4520 1171 4594 dictum
1225 4526 1356 4615 est,
1407 4520 1624 4594 dicit:
1678 4529 1744 4595 ec
1787 4525 1884 4613 ἑο,
1937 4521 2193 4618 supple
2242 4522 2389 4596 dixi
2440 4523 2803 4600 odorisio:
2855 4547 2931 4600 se

585 4643 808 4733 quello
877 4643 1122 4734 spirito
1191 4642 1296 4714 ch’
1323 4641 1620 4733 attmde,
1695 4640 1902 4737 idest,
1967 4649 2325 4739 expectat,
2396 4647 2439 4717 ἴ
2466 4647 2650 4737 orIO,
2720 4644 2925 4742 idest,

585 4765 1156 4853 extremitatem,
1222 4765 1406 4836 della
1485 4765 1626 4836 vita
1680 4767 1856 4855 pria
1915 4765 2036 4837 che
2105 4767 2170 4837 si
2223 4771 2462 4858 penta,
2514 4769 2797 4840 dimora
2858 4757 2932 4842 td

582 4877 726 4974 ,σι’ὰ,
783 4881 974 4956 inter
1025 4883 1205 4957 alios
1258 4883 1642 4978 relegatos,
1693 4905 1732 4956 e
1777 4903 1922 4956 non
1979 4889 2277 4958 ascende
2316 4881 2597 4980 quassi),
2664 4887 2757 4960 ad
2800 4907 2931 4962 ve-

709 5149 766 5211 (’)
797 5149 859 5201 B.
891 5151 1010 5215 quia
1043 5152 1144 5202 hoc
1177 5151 1357 5204 tendit.
