4392 6850
1463 951 1604 1019 180
2177 959 2587 1016 coum-run
2633 962 3075 1018 runcuomr

1459 1129 1630 1204 quae
1679 1106 1964 1183 solebas
2009 1125 2172 1180 esse
2202 1097 2277 1198 (⁹)
2310 1105 2710 1200 liberrima,
2748 1111 2821 1182 et
2852 1106 3135 1180 donare
3171 1105 3585 1182 libertatem
3620 1125 3795 1202 gen-

1457 1229 1676 1322 tibus,
1711 1233 1798 1300 ut
1843 1225 1990 1301 dixi
2042 1225 2361 1321 capitulo
2396 1225 2637 1320 primo
2676 1226 2897 1302 huius
2929 1226 3118 1321 libri,
3154 1229 3229 1300 di
3260 1229 3507 1300 dolore
3538 1227 3795 1318 ortelle,

1459 1347 1664 1442 idest,
1729 1345 2121 1442 hospitium
2207 1353 2280 1420 et
2342 1345 2821 1442 domicilium,
2881 1347 3097 1443 juxta
3166 1347 3385 1422 illud:
3439 1351 3709 1420 Nessun
3762 1343 3800 1420 e*

1458 1470 1788 1559 mayffl'or
1828 1469 2064 1558 dolor,
2099 1471 2241 1540 etc.
2259 1505 2380 1561 -—,
2414 1487 2597 1542 nave
2626 1487 2846 1540 sacza
2879 1469 3271 1560 noccltoero,
3306 1466 3511 1563 idest,
3544 1487 3797 1542 careus

1455 1588 1782 1685 principe
1829 1587 2357 1685 gubernatore,
2424 1591 2501 1660 in
2546 1607 2740 1678 yrun
2804 1594 3157 1681 tempesta,
3218 1609 3367 1662 non
3420 1591 3665 1662 donna
3728 1591 3797 1662 di

1446 1711 1834 1802 producte,
1886 1728 2056 1802 quae
2105 1707 2391 1782 solebas
2440 1727 2603 1782 esse
2652 1707 2909 1804 regina
2970 1727 3403 1804 regnorum,
3452 1729 3572 1782 ma
3630 1709 3794 1781 bor-

1451 1832 1658 1905 dello.
1712 1828 1800 1904 Et
1849 1834 2022 1903 nota
2073 1829 2581 1922 metaphoram
2629 1828 3005 1924 pulcram3
3054 1829 3241 1904 sicut
3300 1829 3497 1904 enim
3548 1829 3623 1901 in
3679 1827 3793 1901 lu—

1455 1948 1716 2046 panari
1781 1947 2121 2024 venditur
2185 1968 2361 2023 caro
2430 1949 2757 2022 humana
2818 1947 3053 2044 pretio
3112 1949 3271 2024 sine
3326 1948 3637 2045 pudore,
3700 1949 3793 2023 ita

1457 2068 1810 2147 meretrix
1862 2089 2130 2165 magna
2159 2059 2263 2163 (²),
2316 2067 2499 2144 idest
2546 2068 2755 2144 curia
2808 2089 3143 2163 romana,
3183 2075 3256 2145 et
3304 2069 3517 2146 curia
3565 2069 3794 2164 impe·

1457 2191 1655 2268 rialis
1717 2190 2046 2264 vendunt
2094 2188 2509 2263 libertatem
2566 2188 2909 2264 italicam.
2963 2188 3167 2265 Sicut
3224 2189 3449 2266 etiam
3512 2191 3605 2265 ad
3663 2209 3793 2285 po-

1457 2312 1846 2388 stribulum
1903 2308 2179 2385 vadunt
2228 2307 2729 2385 indifferenter
2762 2329 3021 2386 omnes
3067 2313 3395 2388 volentes
3443 2331 3619 2387 cum
3668 2310 3796 2386 de·

1455 2431 1866 2524 lectatione,
1937 2429 2036 2504 ita
2100 2428 2194 2502 ad
2262 2427 2543 2503 Italiam
2610 2437 3067 2506 concurrunt
3130 2451 3391 2507 omnes
3463 2431 3794 2506 barbarae

1456 2553 1787 2627 nationes
1821 2569 1994 2624 cum
2029 2548 2375 2624 aviditate
2406 2549 2501 2624 ad
2534 2549 2762 2645 ipsam
2802 2551 3377 2626 conculcandam
3412 2558 3787 2646 tamquam

1453 2671 1922 2748 meretricem
1975 2669 2463 2766 prostitutam.
2516 2669 2605 2744 Et
2650 2670 2975 2767 assignat
3020 2679 3237 2767 poeta
3288 2691 3591 2746 causam
3642 2691 3789 2745 suae

1455 2790 2008 2870 exclamationis
2057 2790 2444 2884 dolorosae,
2474 2789 2755 2865 dicens:
2798 2791 3017 2880 Qndt’
3038 2794 3281 2866 anima
3311 2795 3549 2884 yona,
3588 2789 3787 2884 idoet,

1451 2913 1850 3007 Sordellus,
1905 2931 2080 2988 vere
2131 2910 2391 2985 nobilis
2440 2911 2715 2986 virtute
2762 2911 3011 3006 animi,
3062 2920 3148 2988 ut
3196 2911 3484 3008 audisti,
3529 2917 3613 3008 fia
3652 2905 3789 2988 cosi

1447 3041 1692 3129 presta
1733 3036 1812 3107 di
1842 3038 2007 3129 sare
2054 3034 2134 3105 al
2177 3035 2465 3105 cicladin
2510 3051 2639 3104 suo
2690 3035 2878 3124 qm‘vi
2909 3035 3119 3125 sessa,
3160 3033 3431 3110 scilicet
3468 3032 3787 3130 Virgilio,

1451 3158 1565 3230 sol
1598 3176 1737 3248 per
1795 3156 1864 3227 lo
1911 3156 2106 3227 dolce
2153 3172 2335 3226 suon
2390 3154 2477 3226 de
2534 3153 2607 3224 Ia
2666 3169 2798 3224 sua
2854 3159 3079 3244 terra,
3126 3151 3395 3227 scilicet
3428 3153 3784 3246 Mantuae3

1453 3281 1528 3351 et
1579 3281 1828 3350 tamen
1879 3280 2196 3368 uterque
2246 3279 2407 3347 erat
2460 3278 2825 3366 mortuuS,
2860 3280 2934 3348 et
2978 3293 3175 3346 unus
3208 3293 3623 3368 numquam
3656 3295 3787 3348 no-

1455 3403 1664 3471 verat
1712 3395 2054 3489 alterum,
2107 3413 2279 3469 cum
2333 3391 2675 3489 Virgilius
2716 3391 2941 3470 fuerit
2987 3412 3119 3489 per
3168 3397 3278 3468 tot
3325 3394 3573 3470 secula
3622 3401 3787 3470 ante

1453 3517 1916 3611 Sordellum3
1967 3522 2034 3588 et
2075 3535 2214 3588 ora
2260 3518 2335 3589 in
2384 3521 2447 3588 te
2494 3535 2641 3588 non
2686 3520 2943 3587 stamzo
2986 3534 3205 3587 senza
3236 3535 3505 3605 quma
3554 3518 3607 3589 lt
3653 3518 3785 3589 vivi

1451 3642 1621 3730 noui,
1673 3636 1965 3730 scilicet,
2017 3635 2377 3711 moderno
2426 3642 2784 3731 tempore,
2832 3634 2961 3728 qui
3012 3654 3209 3709 nunc
3260 3634 3520 3711 vivunt
3568 3638 3641 3710 in
3690 3643 3783 3731 te,

1450 3759 1690 3853 Italia3
1741 3765 1818 3833 et
1865 3757 2065 3851 quod
2114 3756 2323 3852 peius
2374 3761 2507 3849 est,
2558 3775 2705 3831 non
2764 3756 2923 3830 sine
2974 3754 3169 3830 civili
3226 3756 3417 3832 bello
3466 3765 3542 3833 et
3590 3759 3790 3853 plus-

1450 3902 1678 3976 quam
1731 3878 1941 3953 civili.
1994 3878 2201 3952 Unde
2250 3876 2459 3951 dicit:
2496 3896 2535 3949 e
2565 3879 2611 3950 ἴ
2635 3896 2733 3950 un
2774 3880 2819 3950 ἴ
2846 3878 3033 3950 altro
3068 3880 3133 3950 si
3162 3880 3364 3970 rode,
3402 3889 3781 3973 tamquam

1449 3990 1694 4094 caneS,
1747 4001 1822 4074 di
1869 4001 2026 4091 quei
2073 4000 2175 4070 ch’
2200 4018 2295 4070 un
2346 4016 2553 4069 muro
2591 4004 2662 4070 et
2707 4016 2853 4069 απα
2886 4000 3087 4092 fossa
3133 4019 3372 4090 sem-a,
3416 3998 3618 4093 idest,
3660 3999 3785 4094 qui

1446 4121 1773 4196 habitant
1825 4120 1896 4195 in
1946 4119 2210 4196 eadem
2262 4118 2555 4194 civitate
2603 4117 2720 4193 vel
2768 4122 2991 4214 terra,
3027 4124 3102 4194 et
3145 4118 3406 4195 eadem
3458 4120 3683 4195 domo
3710 4126 3785 4195 et

1447 4244 1706 4321 endem
1759 4261 1968 4336 arca3
2021 4240 2196 4335 quia
2244 4238 2457 4317 multi
2507 4239 2634 4334 qui
2674 4238 2747 4313 in
2784 4245 3023 4314 morte
3056 4240 3511 4335 sepeliuntur
3540 4239 3781 4333 simul,

1450 4387 1597 4440 non
1658 4369 1963 4460 possunt
2029 4368 2225 4437 stare
2280 4360 2500 4434 simul
2563 4360 2640 4433 in
2699 4358 2871 4434 vita.
2903 4396 3005 4415 -·-
3035 4364 3279 4454 Gar-ca,
3330 4364 3607 4435 misera.
3656 4361 3785 4436 Hic

1447 4492 1664 4581 poeta
1709 4483 2106 4559 revertitur
2138 4481 2233 4557 ad
2266 4478 2833 4557 exclamandum
2868 4486 3123 4556 contra
3156 4479 3459 4574 Italiam,
3496 4486 3571 4555 et
3609 4500 3779 4555 con-

1450 4607 1750 4681 firmans
1801 4605 1997 4699 quod
2045 4602 2248 4696 dixit,
2300 4601 2507 4677 dicit:
2560 4620 2605 4674 ο
2654 4605 2941 4693 misem,
2979 4600 3274 4695 scilicet,
3308 4600 3531 4694 ltalia,
3573 4600 3783 4675 cuins

1447 4727 1694 4801 nullus
1727 4725 2145 4819 miseretur,
2169 4744 2375 4798 cerea
2410 4726 2696 4796 ίπωηιο
2728 4722 2913 4796 dalle
2940 4724 3193 4815 prode,
3233 4718 3440 4817 idest,
3476 4722 3689 4817 ripas,
3728 4724 3789 4795 le

1570 5016 1626 5076 (¹)
1657 5014 1720 5064 E.
1751 5025 1863 5063 ense
1891 5013 2056 5063 llhera
2087 5017 2141 5063 et
2171 5012 2455 5063 liberrima.

1572 5093 1625 5156 (²)
1660 5097 1768 5151 11⁷,
1801 5104 1986 5154 magna
2017 5092 2069 5141 in
2103 5091 2248 5141 curin
2278 5100 2493 5142 roman·
2522 5094 2577 5141 et
2606 5088 2755 5140 curia
2786 5088 3041 5153 imperiali
3070 5088 3244 5140 vendit
3274 5087 3583 5139 liternum.
