4392 6850
1465 942 1609 1013 342
2183 954 2593 1011 commun
2640 956 3085 1013 runeuonu

1464 1102 1882 1179 venientem
1937 1100 2342 1176 fictionem:
2396 1100 2584 1177 sicut
2634 1102 2829 1177 enim
2882 1102 2957 1177 in
3008 1101 3293 1179 inferno
3326 1100 3528 1199 ponit
3570 1102 3806 1202 angess

1461 1222 1573 1298 los
1624 1223 1856 1297 malos
1908 1220 2275 1297 ministros
2326 1242 2717 1317 poenarum
2760 1223 3090 1299 volentes
3126 1223 3261 1298 sibi
3302 1224 3661 1319 impedire
3694 1226 3807 1299 in-

1463 1342 1766 1419 troitum
1832 1341 2327 1437 circulorum3
2394 1343 2490 1419 ita
2556 1364 2753 1419 nunc
2816 1364 2859 1420 e
2920 1350 3175 1419 contra
3238 1345 3439 1440 ponit
3504 1346 3807 1443 angelos

1463 1465 1694 1539 bonos
1743 1462 2112 1538 ministros
2157 1464 2570 1561 gratiarum
2607 1465 2993 1540 invitantes
3044 1464 3237 1561 ipsos
3286 1464 3379 1541 ad
3427 1466 3805 1564 purgatio-

1463 1606 1632 1661 nem
1686 1585 2056 1660 vitiorum.
2109 1585 2198 1659 Et
2250 1584 2480 1682 tangit
2530 1595 2821 1681 tempus
2869 1585 3155 1661 dicens:
3216 1589 3375 1661 vedu·
3430 1590 3553 1661 che
3601 1591 3647 1663 Γ
3670 1605 3805 1661 an-

1461 1708 1624 1780 oilla
1669 1712 1879 1798 ses-ta,
1913 1705 2118 1799 idest,
2159 1705 2345 1781 bora
2396 1726 2566 1799 quae
2601 1706 2827 1781 servit
2858 1706 3025 1801 diei,
3078 1714 3291 1781 torna
3324 1710 3457 1782 dal
3496 1711 3803 1783 servizio

1459 1828 1576 1900 del
1619 1818 1740 1920 di,-
1791 1825 1964 1921 quia
2026 1824 2275 1900 functa
2336 1832 2446 1900 est
2511 1824 2755 1900 officio
2816 1846 2976 1921 suo,
3041 1828 3249 1921 quasi
3314 1828 3553 1905 dicat:
3623 1829 3800 1905 bora

1461 1952 1667 2021 sexta
1735 1944 2076 2019 secundae
2136 1944 2280 2019 diei
2356 1952 2723 2021 transacta
2750 1938 2827 2040 (⁴)
2890 1952 2965 2021 et
3034 1946 3339 2041 septima
3402 1948 3675 2044 incipit.
3706 1986 3804 2004 —-

1461 2071 1576 2141 Di.
1626 2067 1756 2141 Hic
1808 2072 2020 2162 poeta
2077 2064 2391 2141 ostendit
2452 2067 2827 2160 quomodo
2876 2066 3219 2165 Virgilius
3269 2070 3701 2165 praeceperit
3726 2058 3801 2163 (²)

1461 2194 1545 2262 ut
1594 2186 1748 2282 ipse
1803 2192 2164 2283 praeparet
2230 2206 2312 2262 se
2376 2186 2471 2261 ad
2529 2185 2749 2283 digne
2807 2187 3307 2283 recipiendum
3370 2196 3525 2265 tam
3587 2191 3801 2266 nobi-

1459 2307 1604 2383 lem
1659 2307 2050 2403 hospitem3
2103 2306 2300 2382 unde
2349 2306 2557 2382 dicit:
2612 2313 2687 2383 et
2736 2306 2855 2383 ille
2906 2308 3243 2405 Virgilius
3282 2309 3501 2383 dixit:
3553 2313 3653 2385 Di
3697 2314 3804 2384 n·-

1461 2430 1789 2501 verenzia
1849 2429 1905 2499 il
1964 2429 2110 2500 viso
2173 2448 2212 2499 e
2271 2428 2373 2518 qli
2420 2430 2546 2501 alti
2610 2430 2923 2519 adorna,
2974 2428 3181 2523 idest,
3230 2430 3801 2524 speculationem

1458 2545 2022 2621 intellectualem
2069 2552 2152 2621 et
2198 2546 2566 2621 actionem
2603 2548 2907 2641 realem,
2942 2555 3027 2623 ut
3061 2557 3491 2625 reverenter
3538 2550 3806 2625 admit·-

1459 2674 1568 2741 tas
1617 2666 1930 2764 gratiam
1967 2664 2425 2759 venientem3
2460 2674 2534 2741 et
2572 2666 2804 2742 reddit
2836 2687 3174 2743 causam:
3209 2662 3271 2743 εὶ
3308 2672 3431 2744 che
3462 2672 3676 2745 dilecti
3706 2672 3807 2745 Im·

1455 2790 1757 2862 inviarci
1803 2792 1880 2861 in
1925 2808 2116 2880 susc,
2151 2786 2424 2862 scilicet
2462 2787 2555 2862 ad
2588 2808 2759 2862 secu
2770 2788 2995 2863 ndum
3050 2788 3413 2865 circulum
3466 2790 3803 2885 superio-

1461 2928 1616 2984 rem
1682 2908 1841 2983 isto.
1913 2908 2002 2982 Et
2077 2914 2156 2984 ut
2220 2908 2477 2983 reddat
2542 2908 2779 3004 ipsum
2854 2910 3382 3006 promptiorem
3452 2910 3803 2988 admonet

1456 3029 1694 3125 ipsum
1747 3028 1941 3103 circa
1993 3028 2429 3104 brevitatem
2485 3030 2835 3124 temporis
2886 3028 3135 3104 utilius
3174 3030 3656 3126 dispensandi,
3690 3029 3801 3103 di·-

1455 3170 1666 3225 cens:
1714 3171 1940 3243 pensa
1988 3151 2108 3222 che
2157 3158 2391 3241 questo
2440 3141 2511 3223 di
2562 3152 2708 3223 mai
2754 3170 2897 3222 non
2944 3152 3371 3242 ναρρίονηα,
3432 3148 3619 3225 idest
3676 3168 3800 3225 re—

1453 3270 1782 3365 trocedit,
1835 3268 2044 3345 cuius
2085 3269 2241 3365 jam
2298 3268 2648 3345 medietas
2697 3268 3067 3344 transivit:
3130 3277 3297 3345 erat
3362 3270 3557 3345 enim
3618 3276 3799 3344 tunc

1454 3389 1998 3485 aequinoctium.
2065 3390 2153 3464 Et
2212 3388 2455 3464 subdit
2512 3388 2885 3484 quomodo
2948 3388 3191 3464 statim
3254 3388 3576 3486 percepit
3638 3388 3799 3464 eins

1454 3510 2029 3606 persuasionem,
2069 3509 2355 3586 dicens:
2421 3513 2493 3584 io
2539 3531 2671 3584 era
2718 3512 2848 3583 ben
2896 3513 3014 3584 del
3056 3531 3186 3584 suo
3234 3513 3591 3583 ammonir
3640 3529 3797 3602 uso,

1453 3629 1746 3726 scilicet,
1792 3653 1940 3725 pur
1997 3633 2072 3706 di
2131 3653 2277 3704 non
2329 3634 2591 3724 perdor
2652 3637 2903 3724 tempe,
2964 3630 3142 3726 quia
3206 3630 3795 3725 frequentissime

1455 3751 1796 3849 Virgilius
1848 3752 1986 3827 boc
2035 3753 2280 3828 facere
2330 3753 2632 3846 solebat,
2684 3753 2873 3827 sicut
2944 3753 3199 3848 pulcre
3258 3759 3637 3826 ostensum
3690 3758 3801 3826 est

1451 3892 1645 3968 saepe
1695 3873 1769 3947 in
1821 3872 2106 3947 inferno
2157 3879 2233 3947 et
2272 3872 2741 3968 purgatorio,
2776 3872 2942 3948 ideo
2978 3891 3123 3947 non
3158 3878 3450 3968 oportet
3480 3871 3797 3967 amplius

1452 3993 1826 4089 replicare.
1879 3993 2084 4068 Unde
2130 3993 2347 4068 dicit:
2400 3989 2461 4066 εὶ
2506 3995 2624 4066 che
2654 3995 2727 4066 'n
2773 3995 3007 4086 quella
3054 3997 3383 4084 materia,
3421 3992 3797 4067 brevitatis

1453 4112 1826 4208 tempori3‚
1857 4114 2152 4208 quando
2184 4112 2403 4188 dixit:
2427 4133 2681 4207 petua,
2716 4133 2861 4186 non
2888 4117 3194 4206 poteami
3215 4117 3485 4206 pat-lar
3532 4115 3793 4203 chium,

1451 4234 1622 4327 quia
1673 4234 1770 4308 ita
1822 4234 2012 4309 bene
2060 4234 2392 4330 placebat
2443 4234 2617 4307 mihi
2654 4232 2843 4309 sicut
2876 4230 3032 4328 sibi,
3071 4254 3217 4308 non
3254 4233 3569 4330 perdere
3604 4242 3795 4308 tem·-

1447 4375 1607 4449 puS.
1661 4351 1862 4429 Satis
1896 4373 2078 4451 ergo
2127 4354 2403 4429 dictum
2456 4361 2619 4428 erat
2666 4354 2760 4429 de
2810 4353 3072 4430 infelici
3128 4353 3273 4430 fine
3310 4355 3631 4429 aliorum
3665 4375 3797 4428 su-

1450 4475 1874 4569 perborum,
1925 4475 2089 4550 ideo
2139 4481 2431 4569 tempus
2464 4481 2626 4548 erat
2672 4475 3067 4548 mundandi
3104 4473 3477 4570 propriam
3530 4487 3795 4571 super-

1449 4597 1669 4689 biam,
1732 4603 1806 4671 et
1881 4615 2056 4672 ecce
2121 4595 2451 4670 modum.
2494 4631 2595 4650 -—
2636 4601 2695 4670 A
2756 4599 2898 4668 noi.
2965 4592 3095 4670 Hic
3164 4603 3380 4690 poeta
3448 4595 3797 4670 descrth

1447 4715 1795 4812 angelum
1845 4717 2265 4792 venientem
2316 4715 2409 4790 ad
2482 4717 2997 4813 purgationem
3056 4716 3217 4792 eius
3278 4725 3661 4812 quantum·
3694 4718 3789 4793 ad

1449 4835 1802 4930 habitum,
1853 4842 1928 4910 et
1977 4841 2335 4930 quantum
2388 4836 2480 4911 ad
2528 4843 2807 4930 actum,
2858 4835 3143 4912 dicens:
3178 4844 3239 4912 A
3292 4841 3415 4911 noi
3461 4840 3670 4912 venia
3714 4841 3795 4910 la

1572 5095 1626 5160 υ)
1657 5095 1708 5147 S.
1737 5109 1768 5147 e
1800 5098 1862 5150 Β.
1893 5104 1971 5150 ent
2001 5105 2273 5150 tranacta.
2774 5097 2830 5162 (η
2860 5099 2912 5152 s,
2946 5101 3207 5165 pmoeplt.
