4392 6850
1432 957 1572 1025 118
2146 969 2557 1026 com-:mun
2605 970 3045 1026 punem-ona

1425 1109 1958 1211 cumcincta(¹),
1995 1117 2092 1190 ita
2129 1116 2339 1212 quod'
2360 1117 2631 1214 colligit
2676 1117 2861 1190 intra
2900 1115 3303 1190 fortilitium
3360 1117 3645 1193 fructus
3694 1125 3773 1194 et

1424 1237 1672 1311 omnia
1724 1237 2132 1312 necessaria
2182 1236 2277 1311 ad
2329 1237 2605 1313 victum
2634 1229 2707 1330 (²)
2772 1243 2848 1312 et
2910 1237 3565 1314 substentationem
3627 1241 3773 1313 hu-

1425 1376 1664 1432 manae
1713 1356 1904 1451 vitae,
1956 1357 2144 1432 sicut
2193 1364 2269 1432 et
2318 1356 2789 1432 Samarinum
2852 1363 3178 1432 castrum
3242 1359 3559 1434 naturali
3624 1360 3771 1434 situ

1422 1478 1993 1552 munitissimum
2047 1487 2122 1554 et
2173 1479 2537 1574 optimum
2590 1476 2861 1552 distans
2922 1499 2967 1552 a
3026 1479 3295 1554 Sancto
3344 1481 3589 1556 Leone
3638 1501 3775 1576 per

1421 1607 1746 1696 quatuor
1797 1599 2156 1695 milliaria,
2210 1607 2287 1675 et
2344 1599 2439 1674 ab
2507 1598 2837 1673 Arimino
2902 1619 3033 1695 per
3090 1600 3374 1694 decem,
3436 1600 3772 1676 mirabile

1419 1719 1850 1796 fortilitium.
1903 1720 1990 1794 Et
2052 1726 2223 1794 nota
2274 1719 2474 1814 quod
2539 1719 2991 1815 comparatio
3060 1726 3169 1794 est
3232 1720 3763 1816 propriissima3

1419 1859 1592 1916 nam
1650 1846 1850 1915 recte
1917 1839 2170 1914 civitas
2228 1839 2631 1936 purgatorii
2700 1845 2811 1915 est
2874 1839 3127 1914 similis
3188 1840 3455 1917 Sancto
3514 1840 3765 1936 Leoni,

1419 1962 1594 2058 quia
1647 1968 1759 2037 est
1808 1961 1882 2034 in
1933 1961 2285 2036 altissimo
2338 1967 2589 2036 monte
2638 1960 2930 2056 situata,
2980 1968 3055 2036 et
3104 1959 3227 2036 est‘
3264 1961 3577 2054 deserta,
3630 1962 3765 2035 ba-

1418 2084 1601 2158 bens
1651 2103 1860 2156 raros
1910 2081 2377 2176 habitatores,
2424 2081 2551 2155 ubi
2600 2080 2973 2156 infernalis
3022 2089 3133 2157 est
3183 2082 3531 2176 frequens
3580 2102 3767 2179 gen-

1419 2201 1648 2296 tibus;
1701 2209 1776 2276 et
1826 2207 1937 2276 est
1985 2200 2397 2295 fortissima,
2432 2207 2592 2275 tuta
2640 2200 2737 2275 ab
2788 2200 3055 2276 insidiis
3088 2207 3165 2276 et
3197 2201 3583 2277 insultibus
3634 2203 3768 2277 ho-

1417 2322 1666 2416 stium,
1717 2321 1905 2396 sicut
1953 2322 2265 2397 Sanctus
2314 2323 2485 2395 Leo.
2539 2321 2628 2394 Et
2676 2320 2886 2395 dicit:
2941 2343 2980 2394 e
3018 2323 3403 2396 discendesi
3438 2325 3515 2395 in
3556 2325 3763 2398 Noli:

1415 2443 1578 2518 Noli
1627 2451 1738 2518 est
1789 2442 2127 2537 quaedam
2185 2448 2382 2518 terra
2414 2431 2489 2534 (³)
2544 2441 2848 2534 antiqua
2900 2441 2973 2514 in
3029 2441 3295 2537 riperia
3347 2443 3603 2517 Januae
3636 2465 3765 2518 su-

1416 2584 1551 2660 pra
1607 2584 1835 2659 mare,
1899 2562 2225 2638 subiecta
2288 2562 2518 2637 monti
2566 2562 2919 2636 altissimo
2968 2563 3335 2656 scabroso,
3386 2563 3479 2637 ad
3536 2585 3761 2658 quam

1417 2693 1530 2760 est
1595 2684 2060 2760 difficillimus
2128 2682 2545 2778 descensuS,
2615 2683 2715 2758 ita
2784 2689 2869 2758 ut
2934 2683 3091 2758 Noli
3162 2682 3499 2759 videatur
3567 2691 3767 2760 recte

1416 2805 1662 2881 dicere
1727 2804 2236 2880 descendenti:
2294 2804 2438 2879 noli
2504 2804 2597 2878 ad
2660 2823 2789 2894 sne
2855 2804 3231 2898 accedere,
3293 2805 3505 2898 quasi
3572 2803 3761 2880 dicat

1413 2933 1628 3024 poeta
1677 2927 1939 3001 tacite:
1993 2945 2134 3022 ego
2183 2924 2522 3000 descendi
2573 2946 2747 3000 cum
2801 2925 3105 3020 pedibus
3172 2945 3409 3019 usque
3458 2926 3531 3000 in
3588 2947 3760 3020 pro-

1415 3045 1720 3121 fundum
1760 3044 2023 3142 abyssi,
2059 3044 2186 3120 sed
2222 3046 2371 3120 huc
2406 3064 2552 3120 non
2595 3051 2930 3139 poteram
2966 3043 3365 3120 ascendere
3398 3044 3555 3120 sine
3587 3044 3759 3139 alis3

1415 3167 1588 3263 quia
1637 3165 1997 3242 difficilius
2047 3171 2156 3240 est
2208 3163 2609 3240 ascendere
2659 3185 2885 3259 quam
2922 3164 3389 3260 descendere,
3430 3173 3516 3239 ut
3561 3165 3759 3241 dice-

1412 3293 1538 3362 tur
1607 3279 1812 3362 insra.
1880 3289 1969 3360 Et
2035 3286 2251 3361 dicit:
2325 3289 2634 3360 Monta-si
2692 3289 2769 3360 in
2832 3307 2917 3360 su
2982 3289 3417 3360 Bismanloa.
3478 3287 3569 3360 Et
3644 3287 3757 3361 hic

1413 3414 1699 3505 oportet
1768 3407 1957 3483 scire
2025 3405 2223 3501 quod
2284 3405 2700 3481 Bismantoa
2764 3411 2877 3482 est
2940 3411 3147 3501 petra
3218 3413 3613 3482 montanea
3682 3405 3757 3481 in

1415 3528 1785 3606 montibus
1834 3528 2062 3625 Regii,
2117 3533 2268 3602 tota
2319 3546 2541 3601 saxea
2591 3526 2759 3601 viva
2808 3525 3183 3619 altissima,
3236 3525 3333 3600 ita
3384 3526 3579 3621 quod
3631 3548 3756 3601 su-

1412 3656 1623 3745 perat
1671 3668 1930 3723 omnes
1979 3648 2203 3723 colles
2253 3646 2551 3740 vicinoS,
2601 3652 2677 3720 et
2727 3646 2945 3721 habet
2996 3666 3223 3719 unam
3276 3646 3506 3721 solam
3562 3646 3757 3722 viam

1410 3769 1486 3844 in
1560 3768 1901 3863 circuitu,
1961 3788 2184 3863 quam
2264 3765 2479 3863 pauci
2543 3764 3015 3841 defenderent
3082 3788 3128 3841 a
3208 3772 3362 3843 toto
3438 3766 3757 3863 mundo;

1411 3894 1486 3969 in
1536 3894 1750 3969 cuius
1799 3893 2227 3967 summitate
2302 3898 2413 3967 est
2478 3890 2831 3987 planities
2884 3911 3053 3985 quae
3126 3890 3393 3966 colitur
3460 3894 3757 3987 quando

1408 4020 1519 4090 est
1567 4021 2092 4110 opportunum,
2141 4018 2218 4087 et
2266 4013 2427 4086 loca
2476 4010 2996 4086 circumvicina
3046 4022 3221 4090 sunt
3266 4012 3645 4109 sylvestria
3680 4022 3759 4089 et

1405 4156 1710 4231 aspera3
1774 4135 1970 4209 unde
2031 4133 2438 4207 habitantes
2468 4120 2543 4225 (⁴)
2608 4132 2682 4206 in
2741 4132 2957 4228 plano
3025 4132 3329 4209 inferius
3382 4134 3753 4231 refugiunt

1406 4255 1502 4331 ad
1541 4256 1761 4330 istum
1805 4253 2051 4329 locum
2103 4252 2549 4326 tutissimum
2594 4258 2928 4347 tempore
2967 4254 3157 4329 belli.
3187 4253 3460 4328 Accidit
3499 4262 3751 4330 autem

1408 4375 1608 4471 quod
1665 4382 2021 4470 tempore,
2085 4394 2236 4468 quo
2294 4372 2651 4449 Henricus
2699 4373 2789 4446 Vl
2840 4374 3037 4447 venit
3088 4373 3160 4447 in
3211 4374 3753 4471 Lombardiam,

1407 4517 1580 4572 cum
1640 4496 2034 4572 Ghibertus
2097 4496 2190 4571 de
2241 4494 2524 4592 Corigia
2564 4484 2641 4588 (⁵)
2710 4493 3053 4568 dominus
3130 4495 3415 4567 Parmae
3480 4515 3755 4570 conve-

1407 4616 1629 4691 nisset
1684 4637 1858 4691 cum
1920 4636 2011 4691 eo
2041 4606 2142 4709 (θ),
2204 4636 2429 4710 quem
2491 4622 2741 4690 tamen
2796 4619 3044 4709 postea
3089 4613 3434 4709 deseruit,
3478 4614 3753 4690 nobiles

1406 4736 1636 4833 regini
1679 4738 1992 4812 multum
2047 4736 2386 4811 timentes
2434 4736 2568 4809 sibi
2620 4727 2735 4809 ab'
2766 4734 3105 4829 Henrico,
3156 4733 3755 4810 deliberaverunt

1527 4952 1584 5014 (ι)
1615 4952 1678 5002 Β.
1711 4952 1914 5003 circum
1946 4954 2104 5003 circa.
2548 4950 2605 5090 (ὖ)
2634 4951 2699 5078 ξ.
2733 4950 3093 5078 azdviurrhiugt.
3274 5027 3327 5077 in

1745 5028 1756 5041 ⁶
2680 5062 2697 5079 .
2728 5042 2765 5079 u
2834 5040 2867 5077 e
2898 5028 2953 5078 in
3056 5027 3243 5079 itantes
3330 5062 3345 5077 .

2632 5104 2669 5155 S

2544 5031 2603 5170 ἓ.)
2670 5141 2685 5157 .
2718 5119 2844 5156 cum
2874 5118 2955 5157 ea.
