4392 6850
1484 1039 1766 1097 cfflrus
1814 1041 2140 1098 ‘rannus
2848 1032 2987 1100 103

643 1185 887 1262 statim
937 1185 1249 1262 ostendit
1299 1186 1616 1280 qualiter
1666 1187 1801 1262 ista
1854 1187 2271 1284 pulcritudo
2320 1194 2395 1264 et
2455 1189 2714 1265 nobilis
2778 1209 2992 1284 aspe-

641 1313 806 1382 ctus
852 1305 1260 1382 deformata
1311 1306 1593 1380 suntin
1629 1313 1870 1382 morte
1907 1308 2096 1382 illius
2130 1309 2497 1404 violent-13
2538 1308 2731 1385 unde
2770 1309 2991 1384 dicit:

641 1449 762 1502 ma
807 1449 904 1500 un
951 1429 1178 1520 colpe,
1227 1425 1433 1521 idest,
1485 1428 1756 1501 vulnus
1805 1427 2020 1524 ensis,
2071 1449 2251 1501 avea
2301 1431 2524 1504 diviso
2574 1433 2618 1502 ἴ
2645 1451 2741 1504 απ
2774 1433 2993 1505 de’ci-

639 1550 764 1639 qli,
830 1547 932 1622 ita
997 1544 1196 1642 quod
1267 1547 1586 1622 habebat
1659 1555 1958 1644 turpem
2021 1548 2438 1624 cicatricem
2508 1549 2583 1624 in
2660 1549 2864 1625 facie.
2892 1591 2991 1604 —

649 1670 966 1758 οιιαπαο.
1029 1668 1160 1743 Ηίο
1224 1675 1441 1763 poeta
1501 1669 1816 1745 ostendit
1885 1669 2203 1764 qualiter
2267 1670 2684 1745 Mani'redus
2751 1670 2991 1744 mani-

643 1787 1018 1865 festaverit
1067 1808 1150 1863 se
1199 1787 1357 1883 sibi,
1394 1789 1567 1884 quia
1601 1789 1755 1886 ipse
1804 1811 1952 1864 non
2003 1791 2494 1887 cognoscebat
2534 1810 2733 1865 eum.
2788 1789 2991 1866 Unde

641 1909 856 1985 dicit:
909 1911 974 1982 ei
1018 1911 1248 1983 disse:
1300 1909 1594 2004 scilicet,
1647 1909 1766 1985 ille
1815 1909 2229 1985 Mansredus
2282 1911 2505 1983 mihi:
2574 1931 2663 1983 or
2724 1913 2903 2002 vedi,
2952 1933 2991 1984 e

645 2033 1078 2110 mostrommi
1123 2051 1270 2104 una
1305 2033 1535 2123 piaya
1583 2052 1634 2103 a
1677 2051 1948 2106 sommo
1980 2034 2037 2105 il
2051 2039 2269 2124 pelte,
2315 2031 2417 2105 ita
2451 2029 2649 2125 quod
2702 2028 2988 2106 videtur

642 2151 986 2226 habuisse
1033 2150 1184 2225 duo
1233 2151 1570 2226 mortalia
1623 2151 1933 2226 vulnera
1995 2151 2070 2225 in
2135 2151 2421 2248 proeli0,
2475 2171 2711 2226 unum
2765 2171 2989 2246 supra

641 2273 968 2366 oculum,
1017 2270 1216 2346 aliud
1251 2292 1476 2369 super
1507 2293 1660 2367 cor,
1697 2271 1823 2347 ubi
1858 2279 1969 2347 est
2009 2273 2169 2348 fons
2223 2273 2444 2348 totius
2478 2273 2667 2366 vitaz,
2704 2275 2990 2365 quando

638 2395 738 2467 mi
775 2396 889 2487 fici
934 2394 1322 2467 umitmente
1369 2394 1686 2484 disdetw,
1738 2391 2092 2468 dicendo:
2146 2413 2295 2468 non
2342 2392 2486 2468 vidi
2522 2399 2595 2468 te
2629 2413 2987 2487 unquam,

639 2519 714 2588 et
789 2519 1224 2588 reverenter
1283 2519 1582 2610 propter
1655 2514 1982 2611 regalem
2058 2507 2465 2611 aspectum,
2531 2513 2727 2589 unde
2792 2514 2987 2610 dicit,

637 2635 707 2707 α’
733 2634 978 2705 aver-lo
1029 2636 1205 2706 visto
1255 2637 1423 2726 mai,
1476 2632 1660 2710 idest
1711 2632 1974 2710 vidisse
2016 2655 2345 2729 unquam
2400 2635 2640 2729 ipsum
2682 2634 2985 2709 vivum:

640 2759 716 2828 et
765 2773 1032 2829 verum
1082 2753 1254 2829 dicit
1301 2761 1543 2850 poeta,
1578 2755 1752 2850 quia
1793 2776 2177 2851 nunquam
2213 2755 2497 2830 viderat
2531 2776 2703 2830 eum
2743 2776 2988 2851 neque

638 2873 902 2952 vidisse
950 2881 1291 2971 potuerat
1319 2899 1338 2965 ;
1389 2875 1738 2971 quoniam
1775 2876 2046 2951 Dantes
2088 2883 2305 2950 natus
2338 2883 2449 2951 est
2481 2897 2573 2950 eo
2604 2896 2799 2970 anno
2833 2897 2986 2970 quo

637 3000 986 3068 mortuus
1031 3002 1144 3071 est
1191 2995 1626 3071 Manl'redus.
1687 2997 1776 3070 Et
1831 2995 2074 3070 subdit
2134 2994 2506 3090 quomodo
2568 2995 2986 3070 Manfredus

635 3113 1100 3210 descripserit
1131 3107 1208 3212 (¹)
1259 3135 1340 3190 se
1389 3137 1432 3190 a
1486 3114 1803 3209 nomine,
1854 3115 1950 3190 ab
1999 3115 2310 3212 origine,
2350 3135 2395 3188 a
2437 3114 2649 3207 viti03
2703 3120 2777 3188 et
2816 3113 2986 3190 dicit

637 3235 988 3330 breviter,
1041 3235 1242 3330 quod
1291 3242 1400 3311 est
1447 3235 1862 3310 Manl'redus
1913 3255 2135 3330 nepos
2185 3233 2623 3310 Constantiae
2658 3235 2986 3330 impera-

635 3356 855 3431 tricis·
920 3355 1028 3431 Ad
1096 3356 1310 3431 cuius
1375 3356 1603 3432 literae
1673 3355 1875 3431 fortis
1931 3354 2373 3431 evidentiam
2434 3360 2545 3429 est
2608 3355 2983 3431 sciendum

638 3475 835 3570 quod
885 3476 1277 3551 Federicus
1317 3478 1376 3550 11
1445 3482 1664 3553 uatus
1714 3497 1808 3551 ex
1860 3476 2281 3551 Constantia
2332 3483 2408 3551 et
2455 3474 2769 3550 Henrico
2839 3476 2987 3553 filio

635 3596 1135 3690 Barbarum,
1190 3604 1274 3671 ut
1333 3596 1618 3673 dicetur
1677 3598 1890 3691 plene
1939 3597 2027 3669 ul
2088 3596 2407 3692 capitulo
2458 3595 2799 3693 paradisi,
2853 3597 2987 3671 fuit

637 3717 917 3793 electus
969 3718 1372 3813 imperator
1437 3724 1694 3793 contra
1743 3717 2104 3792 Othonem
2163 3718 2256 3791 lv
2314 3723 2389 3792 et
2446 3723 2846 3792 coronatus
2910 3724 2985 3792 et

637 3845 1112 3913 consecratus
1137 3838 1234 3912 ab
1259 3838 1582 3911 Honorio
1613 3828 1798 3931 1110)
1831 3835 2215 3912 millesimo
2249 3837 2753 3911 ducentesimo
2779 3837 2984 3933 vige-

637 3959 850 4053 sim0,
896 3957 1025 4053 qui
1057 3958 1446 4053 imperavit
1479 3956 1775 4053 triginta
1809 3957 2038 4033 annis.
2091 3958 2255 4045 Quo
2309 3965 2641 4052 tempore
2690 3977 2987 4052 semper

639 4078 772 4153 fuit
807 4079 1112 4154 infestus
1147 4078 1472 4155 ecclesiae
1509 4084 1858 4171 tanquam
1911 4076 2101 4151 filius
2153 4075 2685 4173 ingratitudinis
2725 4084 2981 4153 contra

639 4208 985 4296 matrem,
1034 4218 1204 4294 quae
1252 4198 1664 4273 nutriverat
1713 4198 1952 4293 ipsum
2005 4198 2361 4293 pupillum
2412 4205 2487 4273 et
2526 4198 2981 4273 exaltaverat

637 4321 730 4395 ad
757 4341 1152 4396 romanum
1189 4318 1618 4414 imperium3
1655 4337 1912 4411 quare,
1941 4322 2094 4391 tam
2123 4317 2406 4392 ratione
2434 4318 2781 4391 vitiorum
2806 4337 2982 4391 suo-

640 4462 836 4535 rum,
885 4440 979 4515 de
1028 4439 1296 4535 quibus
1347 4438 1515 4533 alibi
1565 4437 1842 4512 dictum
1895 4444 2026 4531 est,
2081 4456 2307 4532 quam
2358 4435 2665 4511 avaritia
2717 4438 2981 4532 praela-

641 4566 909 4654 torum,
962 4560 1091 4655 qui
1141 4558 1388 4634 omnia
1437 4558 1573 4633 sibi
1626 4557 1883 4632 volunt
1932 4554 2231 4651 quando
2290 4562 2589 4651 possunt
2632 4547 2735 4651 (³),
2789 4578 2983 4631 nun-

638 4700 862 4775 quam
915 4679 1151 4777 potuit
1187 4680 1476 4757 ,habere
1535 4678 1806 4753 bonam
1869 4696 2124 4773 pacem
2192 4695 2365 4749 cum
2418 4674 2747 4771 ecclesia,
2809 4698 2983 4771 quae

638 4800 914 4875 fecerat
989 4800 1228 4895 ipsum
1305 4798 1503 4872 nasci
1573 4796 1866 4872 fatalem
1935 4794 2069 4869 sibi
2137 4814 2233 4869 ex
2296 4796 2657 4871 monacha
2728 4799 2977 4871 vetula

849 5028 904 5079 S.
935 5028 1294 5080 manifestavit.

849 5104 914 5231 ξ..
945 5104 1179 5157 Honorio
1209 5105 1284 5156 m
1316 5116 1452 5156 anno
1484 5104 1688 5155 Domini
1721 5102 1885 5153 nostri
1917 5104 2042 5155 Iesu
2071 5102 2265 5155 Christi
2296 5102 2594 5191 millesimo.

945 5186 1160 5244 pomum
1187 5188 1242 5233 et
1271 5186 1520 5246 prosunt,
1551 5192 1834 5245 nunquam.

761 5028 818 5091 (¹)

763 5104 820 5167 (⁸)

763 5178 818 5243 (³)
