4392 6850
1491 941 1635 1015 496
2209 957 2623 1015 comm-run
2671 958 3110 1015 Punononn

1490 1356 1821 1427 CANTUS
1868 1356 2252 1425 DECIMUS
2297 1357 2603 1439 NONUS,
2662 1360 2774 1427 ubi
2816 1364 2972 1443 post
3027 1359 3308 1442 aliquam
3348 1360 3649 1425 visionem
3693 1378 3834 1425 eum

1644 1466 1913 1553 Vir-ydio
1972 1468 2190 1553 aliqua
2250 1472 2592 1551 receptavit
2633 1470 2900 1551 Dentes,
2947 1476 3008 1537 et
3061 1470 3174 1537 hoc
3224 1470 3414 1553 facto,
3458 1470 3834 1537 invenerunt

1632 1580 1880 1649 'avaros
1906 1581 2026 1647 sub
2057 1581 2240 1647 titulo
2269 1582 2596 1649 cuiusdam
2611 1602 2830 1666 papae,
2863 1588 2924 1649 et
2963 1583 3042 1649 de
3073 1582 3254 1649 modo
3267 1590 3480 1665 poenoe
3507 1584 3827 1665 ipsorum,-

1646 1699 1706 1761 et
1746 1695 1909 1760 sicut
1951 1692 2059 1760 ale
2085 1714 2275 1777 papa
2319 1712 2458 1759 eum
2501 1693 2720 1761 Dante
2761 1694 2962 1761 multa
3003 1695 3360 1777 receptavit.

1634 1966 1973 2134 Mn!
1993 2080 2130 2132 ora
2190 2062 2312 2133 che
2357 2081 2502 2135 non
2551 2052 2696 2153 pm)
2745 2064 2800 2134 il
2842 2064 3044 2135 calor
3099 2064 3376 2137 diurno,
3431 2061 3826 2154 Postquam

1486 2180 1561 2257 iu
1595 2180 1912 2276 capitulo
1947 2180 2386 2275 praecedenti
2427 2187 2644 2276 poeta
2683 2182 3022 2257 tractavit
3071 2188 3144 2257 et
3191 2180 3704 2256 determinavit
3733 2180 3828 2255 de

1486 2299 1661 2375 vitio
1724 2299 2039 2393 accidiae,
2096 2321 2292 2374 nunc
2355 2308 2890 2395 consequenter
2951 2302 3024 2375 in
3085 2302 3219 2376 isto
3271 2300 3586 2396 capitulo
3636 2301 3824 2394 XIX,

1484 2418 1638 2515 agit
1670 2424 1745 2493 et
1779 2424 2042 2493 tractat
2074 2418 2167 2493 de
2209 2416 2384 2495 vitio
2417 2420 2767 2514 avaritiae,
2802 2442 2970 2516 quae
3012 2421 3315 2517 punitur
3353 2426 3428 2494 et
3466 2426 3828 2516 purgatur

1414 2626 1419 2631 ,
1486 2540 1560 2613 in
1612 2538 1867 2634 quinto
1920 2538 2220 2614 circulo.
2272 2540 2362 2614 Et
2409 2560 2732 2636 praesens
2779 2541 3180 2637 capitulum
3232 2546 3466 2635 potest
3497 2539 3714 2615 dividi
3751 2539 3824 2613 in

1487 2665 1811 2754 quatuor
1846 2666 2091 2755 partes
2121 2661 2540 2757 generale33
2577 2661 2650 2734 in
2686 2682 3005 2757 quarum
3042 2640 3278 2757 prima
3305 2667 3517 2758 poeta
3551 2662 3826 2738 descri-

1486 2780 1593 2854 bit
1640 2780 2009 2855 somnium
2060 2801 2306 2855 suum.
2371 2783 2450 2855 In
2511 2781 2832 2857 secunda
2899 2781 3240 2857 describit
3301 2780 3678 2856 introitum
3729 2781 3822 2856 ad

1486 2900 1826 2994 quintum
1856 2900 2243 2995 circulum,
2271 2906 2346 2975 et
2371 2901 2898 2996 apparitionem
2934 2900 3176 2998 angeli
3210 2901 3338 2996 qui
3371 2899 3614 2996 dirigit
3647 2920 3820 2975 eum

1417 3036 1423 3043 ·
1483 3019 1577 3094 ad
1628 3020 1825 3093 viam
1876 3040 2113 3115 suam,
2166 3026 2240 3095 et
2289 3027 2557 3117 purgat
2587 3042 2631 3095 a
2669 3021 2843 3096 vitio
2875 3021 3192 3115 accidiae,
3232 3020 3371 3096 ibi:
3413 3025 3497 3093 Io
3529 3023 3706 3093 volsi
3721 3012 3817 3113 (¹).

1484 3139 1565 3212 In
1616 3139 1829 3214 tertia
1878 3138 2219 3215 describit
2268 3160 2562 3234 poenam
2615 3146 2690 3215 et
2739 3140 3250 3237 purgationem
3303 3160 3704 3215 avarorum
3745 3140 3816 3213 in

1483 3280 1638 3334 uno
1689 3259 1943 3355 spiritu
1996 3260 2354 3335 moderno
2403 3261 2833 3356 specialiter,
2885 3261 3022 3335 ibi:
3059 3264 3268 3347 .‚Com’
3293 3264 3384 3333 io.
3434 3261 3514 3335 In
3555 3268 3817 3353 quarta

1484 3387 1557 3457 et
1609 3380 1863 3456 ultima
1900 3380 2111 3456 solvit
2144 3402 2380 3456 unum
2415 3381 2722 3456 dubium
2767 3382 2958 3458 circa
2995 3382 3424 3477 praedictum
3461 3380 3818 3476 spiritum,

1482 3501 1621 3578 ibi:
1674 3505 1757 3574 Io
1807 3505 1899 3574 m'
1924 3523 2073 3576 era.
2124 3503 2234 3576 Ad
2285 3502 2608 3598 primum
2663 3503 2962 3578 veniens
3001 3503 3164 3578 dico
3203 3502 3401 3596 quod
3435 3509 3648 3598 poeta
3689 3503 3822 3578 de-

1482 3621 1729 3696 scribit
1780 3623 2146 3696 so'mnium
2213 3644 2475 3697 suum:
2529 3629 2604 3698 et
2666 3623 2840 3718 quia
2905 3643 3196 3718 semper
3251 3623 3566 3712 somniat
3623 3623 3818 3698 circa

1482 3762 1837 3817 auroram
1892 3743 2184 3835 quando
2220 3741 2404 3816 fiunt
2437 3743 2720 3819 somnia
2758 3763 2957 3838 vera,
2993 3742 3154 3818 ideo
3189 3742 3428 3838 primo
3477 3743 3817 3818 describit

1483 3863 1743 3936 horam
1796 3863 2145 3958 temporis
2192 3862 2598 3958 dupliciter,
2650 3863 2941 3958 scilicet,
2981 3884 3110 3958 per
3144 3863 3340 3938 viam
3379 3864 3813 3937 naturalem.

1481 3982 1588 4055 Ad
1638 3981 1851 4057 cuius
1902 3982 2449 4080 intelligentiam
2485 3982 2706 4058 debes
2740 3982 2978 4077 primo
3013 3983 3224 4078 scire,
3261 3983 3458 4076 quod
3501 3981 3608 4056 sol
3643 4002 3812 4056 cum

1481 4110 1593 4177 est
1642 4102 1715 4175 in
1764 4108 2013 4176 nostro
2048 4103 2487 4198 hemisperio
2521 4102 2884 4197 superiori
2918 4103 3345 4178 reverberat
3379 4107 3652 4176 terram
3693 4123 3816 4176 ra-

1480 4222 1613 4297 diis
1663 4221 1813 4296 suis
1864 4230 1938 4297 et
1988 4223 2316 4323 calefacit
2366 4223 2596 4318 ipsam
2639 4229 2712 4296 et
2752 4222 3064 4297 vicinam
3103 4228 3383 4317 partem
3425 4221 3653 4316 aeris;
3689 4221 3814 4296 sed

1481 4349 1643 4438 post
1676 4363 2021 4417 occasum
2064 4342 2234 4416 solis
2275 4343 2450 4417 luna
2483 4341 2860 4438 frigefacit,
2895 4341 3084 4416 sicut
3135 4342 3241 4416 sol
3285 4341 3650 4416 calefacit:
3685 4341 3810 4416 sed

1480 4469 1729 4536 tamen
1779 4468 2075 4558 propter
2125 4461 2447 4537 calorem
2485 4462 2835 4536 diurnum
2873 4463 3406 4557 praecedentem
3451 4467 3650 4536 terra
3689 4481 3816 4536 ca-

1479 4582 1739 4657 lefacta
1792 4581 2057 4656 resistit
2108 4603 2346 4677 usque
2395 4581 2488 4656 ad
2539 4581 2978 4676 diluculum3
3015 4582 3224 4657 etsie
3257 4583 3459 4656 calor
3507 4581 3816 4654 diurnus

1481 4701 1601 4776 illa
1651 4703 1834 4777 hora
1885 4703 2202 4776 vincitur
2251 4724 2294 4778 a
2346 4708 2546 4776 terra
2582 4723 2750 4796 quae
2787 4709 2897 4777 est
2931 4702 3188 4800 frigida
3225 4709 3300 4776 et
3332 4701 3547 4796 sicca,
3583 4708 3656 4776 et
3685 4701 3817 4775 ali·-

1481 4823 1775 4918 quando
1823 4845 1865 4897 a
1920 4822 2237 4897 Saturno
2288 4824 2578 4918 planeta
2612 4823 2894 4919 frigido,
2930 4823 3122 4898 sicco
3155 4827 3231 4898 et
3270 4828 3653 4896 nocturno.
3691 4821 3815 4894 Di—

1600 5083 1657 5147 (“)
1686 5082 1750 5132 13.
1780 5083 1923 5134 volni.
1956 5084 2135 5136 Tertio
2166 5083 2426 5136 describit.
