4392 6850
1469 908 1613 977 480
2186 916 2598 973 commun
2645 918 3085 974 runem-olm

1466 1066 1787 1165 perfecta
1838 1085 1985 1139 non
2040 1062 2554 1161 cognoscimus
2603 1064 2803 1157 quod
2863 1064 3086 1157 vivat,
3142 1062 3278 1138 nisi
3345 1064 3642 1157 quando
3704 1063 3818 1137 vi·-

1465 1188 1725 1263 demus
1776 1206 1943 1260 eam
1996 1183 2284 1258 florere.
2323 1182 2528 1258 Unde
2577 1182 2793 1258 dicit:
2845 1204 3038 1257 come
3085 1186 3256 1275 vita,
3308 1184 3515 1279 idest,
3567 1184 3812 1259 anima

1466 1306 1901 1405 vegetativa,
1928 1303 2209 1399 supple,
2230 1302 2779 1377 demonstratur
2797 1296 2897 1398 (¹),
2914 1324 3052 1396 per
3075 1305 3277 1377 verdi
3291 1306 3580 1398 fronde,
3605 1302 3814 1397 idest,

1466 1449 1638 1503 cum
1692 1427 1899 1501 viret.
1928 1464 2029 1479 -
2055 1416 2260 1498 Pero.
2314 1423 2445 1497 Hic
2495 1422 2840 1521 Virgilius
2889 1443 2982 1498 ex
3033 1424 3412 1518 praemisso
3461 1423 3814 1520 principio

1466 1548 1659 1624 elicit
1698 1544 2241 1621 conclusionem
2279 1542 2773 1639 principaliter
2804 1543 3184 1637 intentam,
3211 1544 3485 1619 scilicet
3517 1544 3814 1638 quando

1466 1668 1715 1744 anima
1766 1672 2101 1741 meretur
2150 1666 2272 1740 vel
2321 1664 2770 1758 demeretur,
2813 1671 2887 1739 et
2927 1664 3224 1758 quando
3257 1685 3426 1739 non.
3473 1665 3561 1738 Et
3591 1656 3666 1757 (²)
3700 1665 3813 1739 vi-

1466 1789 1685 1865 detur
1734 1787 1978 1862 dicere
2026 1784 2103 1859 in
2153 1784 2448 1880 effectu,
2499 1784 2697 1879 quod
2747 1784 2964 1879 primi
3017 1791 3264 1859 motus
3313 1805 3462 1859 non
3513 1792 3684 1861 sunt
3735 1786 3810 1859 in

1463 1915 1825 2007 potestate
1876 1914 2150 1997 nostra,
2204 1905 2368 1982 ideo
2417 1926 2550 2003 per
2601 1906 2758 1979 illos
2808 1926 2956 1979 non
3016 1904 3376 1980 hahemus
3433 1906 3808 1999 meritum,

1464 2030 1584 2107 vel
1632 2028 2113 2122 demeritum3
2166 2026 2295 2101 sed
2346 2026 2648 2101 secundi
2695 2026 2820 2101 sic.
2862 2025 3050 2100 Dicit
3098 2046 3312 2123 ergo:
3349 2021 3534 2101 Pero
3584 2031 3630 2100 ἴ
3647 2049 3812 2101 nom

1462 2172 1609 2224 non
1654 2170 1849 2241 sape,
1904 2148 2107 2241 idest,
2160 2146 2350 2221 scire
2399 2165 2546 2220 non
2595 2152 2854 2241 potest,
2905 2136 2980 2219 ἰὰ
3028 2148 3210 2219 ende
3259 2166 3488 2238 veyna
3535 2150 3581 2219 ἴ
3605 2150 3808 2221 intel-

1462 2275 1643 2364 lecta,
1682 2270 1885 2364 idest,
1924 2267 2135 2363 ratio,
2170 2270 2345 2342 delle
2381 2269 2615 2361 prime
2661 2269 2941 2359 notizie,
2991 2266 3196 2362 idest,
3232 2266 3640 2362 primarum
3685 2290 3804 2345 re-

1463 2412 1633 2463 rum
1687 2408 1857 2483 quae
1904 2388 2262 2482 sciuntur,
2299 2387 2488 2461 sicut
2537 2386 3060 2482 principiorum
3110 2387 3228 2461 vel
3281 2388 3804 2483 maximarum,

1460 2510 1791 2585 similiter
1844 2508 2072 2583 nescit
2124 2508 2320 2583 unde
2367 2506 2616 2582 veniat
2645 2507 2954 2581 affectus
2995 2506 3404 2602 primorum
3449 2508 3807 2603 appetibi-

1458 2630 1667 2724 lium,
1718 2628 1917 2703 unde
1964 2628 2179 2704 dicit:
2231 2650 2272 2701 e
2311 2630 2556 2721 prima
2603 2625 2644 2701 e*
2689 2626 3046 2721 appetibile
3095 2628 3139 2699 Γ
3165 2632 3426 2720 affeuo,
3477 2628 3606 2703 sed
3671 2629 3808 2704 ista

1461 2773 1611 2827 non
1661 2749 1951 2825 videtur
2001 2750 2191 2824 bona
2245 2748 2478 2842 litera,
2521 2746 2684 2822 ideo
2732 2746 2848 2821 dic
2897 2752 2974 2821 et
3023 2746 3324 2821 melius:
3376 2769 3416 2821 e
3463 2750 3570 2821 de*
3585 2751 3808 2841 primi

1462 2874 1810 2967 appetibili
1868 2874 1914 2943 ἴ
1940 2876 2203 2963 affecte,
2263 2868 2471 2963 idest,
2549 2868 2888 2943 voluntas
2961 2868 3223 2961 prima,
3297 2888 3467 2961 quae
3541 2866 3806 2942 dicitur

1460 2993 1745 3089 primus
1796 2996 2064 3085 motuS,
2118 2990 2247 3084 qui
2301 3008 2448 3063 non
2499 2994 2611 3063 est
2677 2994 2927 3061 noster
2977 3006 3116 3063 nec
3165 2988 3238 3061 in
3287 2994 3536 3063 nostra
3588 2987 3808 3063 liber-

1456 3119 1629 3189 tate.
1683 3112 1837 3187 Hoc
1884 3117 2137 3186 autem
2203 3108 2526 3185 declarat
2574 3128 2706 3203 per
2759 3107 3013 3202 simile,
3065 3108 3349 3182 dicens:
3399 3110 3545 3199 che,
3597 3108 3800 3203 idest,

1456 3254 1627 3330 quae
1676 3232 1972 3327 notitiae,
2025 3232 2143 3307 vel
2205 3228 2576 3326 principia,
2627 3250 2802 3301 sono
2851 3230 2930 3301 in
2977 3232 3116 3318 voi,
3167 3227 3459 3322 scilicet,
3483 3284 3488 3291 .
3511 3230 3803 3325 ignotae,

1454 3348 1515 3430 si
1564 3376 1759 3430 come
1804 3355 2030 3440 studio
2078 3354 2155 3426 in
2205 3372 2362 3444 ape,
2413 3349 2618 3443 idest,
2671 3348 2862 3423 sicut
2911 3346 3294 3445 ignoratur
3343 3368 3579 3443 quare
3626 3368 3802 3444 apoe

1456 3477 1752 3551 student
1799 3475 1995 3549 circa
2046 3471 2460 3548 faciendum
2523 3470 2672 3544 mel
2721 3469 2962 3565 potius
3012 3489 3238 3562 quam
3291 3489 3588 3544 muscae.
3642 3469 3800 3543 Non

1454 3597 1651 3674 enim
1704 3602 1941 3692 potest
1998 3591 2354 3690 assignari
2417 3590 2604 3666 ratio
2667 3589 2799 3664 nisi
2850 3611 2896 3665 a
2945 3589 3220 3665 virtute
3267 3589 3647 3686 specifica:
3701 3589 3804 3664 sic

1456 3725 1531 3794 et
1588 3719 1661 3792 in
1724 3714 1970 3790 multis
2021 3713 2381 3806 videmuS,
2433 3713 2622 3786 sicut
2677 3709 3048 3786 Gallienus
3111 3711 3358 3786 scribit
3417 3710 3512 3786 de
3572 3711 3803 3786 herba

1456 3859 1625 3934 qnae
1674 3836 2087 3913 attrahebat
2137 3832 2596 3928 sanguinem,
2649 3831 2847 3925 quod
2912 3832 3232 3906 rusticus
3293 3837 3644 3926 expertus
3692 3841 3802 3908 est

1455 3960 1530 4034 in
1579 3959 1921 4056 porcello.
1976 3956 2145 4031 Ideo
2206 3953 2416 4028 dicit:
2467 3973 2505 4024 e
2553 3958 2793 4046 questa
2829 3955 3075 4043 prima
3123 3953 3386 4043 voque,
3433 3950 3640 4045 idest,
3693 3951 3802 4025 as-

1454 4082 1689 4156 sectus
1738 4077 1857 4153 vel
1906 4082 2173 4168 motus,
2224 4094 2370 4147 non
2419 4092 2592 4164 cape
2648 4079 2870 4144 merto
2919 4074 2997 4146 di
3043 4074 3198 4145 Iode
3263 4093 3310 4143 o
3367 4073 3446 4144 di
3503 4071 3796 4161 biasmo,

1452 4200 1626 4296 quia
1691 4219 1839 4273 non
1912 4202 2025 4271 est
2097 4195 2172 4268 in
2249 4191 2567 4289 potentia
2643 4197 2914 4266 nostra.
2956 4229 3057 4246 —-
3097 4195 3222 4266 Or.
3274 4189 3404 4266 Hic
3454 4189 3796 4286 Virgilius

1450 4319 1816 4397 concludit
1866 4317 2251 4410 intentum,
2303 4313 2594 4388 dicens:
2656 4316 2762 4387 Or
2794 4305 3069 4404 'perche
3119 4315 3291 4401 oqui
3337 4314 3554 4402 altra,
3604 4310 3797 4385 scili-

1450 4447 1591 4535 cet,
1650 4437 2013 4532 voluntaS,
2076 4438 2141 4509 si
2213 4435 2575 4524 raccoqlia
2647 4453 2698 4504 a
2767 4439 3029 4526 questa,
3093 4430 3135 4474 *
3159 4431 3448 4525 scilicet,
3513 4431 3794 4527 primae,

1447 4565 1697 4636 innata
1754 4561 1817 4631 v'
1842 4554 1906 4647 ε’,
1957 4554 2161 4649 idest,
2213 4552 2410 4628 intus
2461 4558 2632 4627 nata
2681 4551 2755 4624 in
2810 4549 3038 4646 vobiS,
3089 4555 3164 4625 la
3225 4546 3410 4625 viret)
3457 4553 3576 4624 elie
3625 4571 3796 4624 con-

1446 4679 1709 4772 siylia*
1739 4669 1841 4772 (⁸),
1891 4675 2183 4771 scilicet,
2237 4675 2555 4750 liberum
2607 4672 3037 4767 arbitrinm3
3089 4672 3286 4747 unde
3335 4673 3556 4767 paulo
3606 4672 3798 4746 infra.

1449 4806 1665 4877 vocat
1722 4799 1935 4873 istam
2002 4797 2350 4872 virtutem
2422 4795 2746 4868 innatam
2807 4793 3270 4886 libertatem3
3321 4790 3518 4866 unde
3573 4792 3789 4867 dicit:

1574 4987 1628 5051 (¹)
1664 4991 1770 5045 117,
1805 4988 2141 5035 monstratur.
2693 4979 2750 5044 (²)
2785 4984 2890 5040 117,
2925 4979 2994 5030 Et
3024 4979 3139 5030 vult
3169 4978 3358 5030 dicere.

1576 5063 1630 5128 (⁸)
1662 5063 1736 5113 Le
1770 5061 1947 5125 parole
1978 5059 2059 5110 t'ra
2092 5061 2109 5110 1
2142 5060 2244 5112 dne
2275 5059 2540 5110 mtcriochi
2575 5071 2702 5109 sono
2737 5059 2818 5110 dei
2849 5055 3022 5108 Codiri
3057 5060 3148 5108 117
3177 5069 3210 5108 c
3240 5055 3470 5108 Eutenn.
