4392 6850
1487 914 1629 983 366
2212 926 2617 981 comma-uu
2666 924 3105 980 runeuonu

1486 1072 1698 1147 istam
1752 1072 1996 1147 facere
2046 1071 2343 1167 longam
2396 1071 2804 1147 orationem
2858 1068 2952 1143 ad
3002 1088 3107 1161 se,
3158 1066 3332 1162 quia
3390 1067 3663 1142 mulier
3720 1072 3829 1143 est

1487 1193 1919 1267 naturaliter
1969 1194 2241 1287 loquax
2311 1199 2387 1267 et
2443 1192 2794 1288 garrula3
2846 1197 2923 1265 et
2985 1189 3117 1263 ista
3178 1188 3253 1261 in
3316 1188 3606 1283 speciali
3668 1194 3825 1263 erat

1481 1333 1746 1407 parum
1811 1312 2153 1407 prudens,
2207 1311 2393 1386 Dicit
2440 1332 2671 1409 ergo:
2725 1316 2799 1386 et
2848 1309 2969 1383 ille
3026 1307 3343 1403 spirituS,
3404 1311 3701 1401 riwes-e,
3754 1312 3823 1381 io

1475 1434 1585 1525 fui
1629 1454 1886 1524 senese,
1938 1432 2143 1525 idest,
2195 1431 2290 1507 dc
2340 1430 2693 1507 comitatu
2747 1430 3110 1505 Senarum
3156 1427 3284 1522 fui,
3338 1450 3377 1501 e
3432 1448 3565 1501 con
3616 1432 3829 1519 questi

1483 1554 1650 1624 altri
1696 1555 2022 1625 rimando
2070 1555 2190 1644 qui
2254 1554 2329 1625 la
2378 1553 2521 1625 vita
2576 1554 2719 1642 ria,
2772 1569 2905 1644 per
2965 1549 3237 1623 bonam
3296 1547 3821 1642 poenitentiam,

1485 1673 1938 1761 layrimando
1995 1691 2044 1744 a
2103 1674 2310 1763 colui,
2360 1670 2631 1745 scilicet
2692 1669 2785 1743 ad
2832 1669 3111 1763 Deum,
3162 1670 3281 1741 che
3328 1664 3409 1741 se*
3450 1689 3537 1740 ne
3580 1672 3825 1761 presti,

1485 1792 1691 1886 idest,
1740 1792 2092 1867 concedat
2142 1812 2223 1867 se
2272 1790 2669 1867 videndum
2720 1787 2947 1863 nohis
3000 1789 3091 1861 Et
3140 1787 3311 1863 dicit
3358 1788 3556 1882 quod
3602 1808 3821 1863 suum

1486 1933 1756 1987 nomen
1807 1934 1952 1987 non
2005 1912 2140 1986 fuit
2189 1930 2647 2006 consequens
2690 1911 2819 2004 rei,
2862 1910 3093 1985 immo
3128 1929 3258 2005 per
3307 1908 3825 2004 antiphrasim3

1487 2034 1683 2108 unde
1731 2033 1930 2108 dicit:
1983 2036 2188 2106 savia
2236 2054 2381 2105 non
2424 2035 2557 2126 fui,
2610 2052 2886 2123 aveyna
2933 2033 3055 2103 che
3104 2021 3321 2122 Sapia
3383 2032 3563 2123 fossi
3634 2031 3827 2101 chia-

1485 2161 1678 2227 mata
1692 2179 1722 2247 ;
1773 2152 1984 2247 Sapia
2040 2153 2443 2227 vocabatur
2506 2151 2639 2225 ista
2690 2150 3009 2243 domina,
3060 2157 3371 2225 accentu
3422 2148 3824 2244 product03

1485 2282 1558 2349 et
1615 2280 1864 2347 tamen
1937 2292 2082 2347 non
2145 2272 2281 2345 fuit
2340 2272 2658 2367 sapienS‚
2721 2272 2947 2345 immo
3008 2269 3347 2366 insipiens
3406 2274 3481 2343 et
3544 2268 3820 2362 insana,

1483 2396 1744 2469 saltem
1797 2393 1870 2466 in
1919 2393 2058 2467 isto
2107 2399 2303 2485 actu,
2358 2399 2440 2466 ut
2488 2391 2745 2467 audies
2794 2391 3077 2485 statim3
3134 2390 3327 2465 unde
3376 2389 3581 2464 dicit:
3636 2411 3677 2461 e
3718 2391 3824 2483 fui

1481 2518 1665 2607 deyli
1711 2516 1926 2587 altrui
1971 2516 2219 2606 dauni,
2270 2512 2475 2607 idest,
2527 2512 2877 2607 adversis,
2921 2506 3045 2605 piel
3102 2514 3263 2585 licta
3312 2514 3505 2585 assai
3566 2514 3686 2585 che
3755 2513 3828 2585 di

1482 2642 1776 2711 ventura
1825 2637 1996 2723 mia,
2043 2632 2315 2707 scilicet
2362 2652 2733 2727 prospera,
2794 2631 2993 2727 quod
3042 2638 3153 2707 est
3202 2632 3585 2726 proprium
3637 2629 3823 2704 invi-

1482 2754 1639 2829 diae.
1661 2760 1844 2827 -Ε
1862 2750 2133 2847 perche.
2169 2753 2301 2828 Hic
2334 2754 2555 2850 longo
2590 2772 2935 2827 sermone
2969 2752 3182 2847 Sapia
3218 2759 3471 2827 narrat
3504 2752 3817 2827 formam

1481 2895 1638 2949 suae
1707 2872 2165 2969 malignantis
2234 2872 2542 2947 invidiae.
2607 2874 2697 2946 Et
2763 2872 2855 2947 ad
2924 2872 3472 2970 intelligentiam
3542 2874 3818 2948 claram

1485 2995 1690 3069 istius
1763 2993 1994 3069 literae
2069 2993 2291 3069 debes
2320 2986 2393 3086 (¹)
2462 3014 2883 3069 memorare
2940 2991 3139 3087 illud,
3209 2992 3407 3088 quod
3468 2993 3821 3087 scriptum

1485 3123 1596 3191 est
1645 3136 1866 3210 supra
1907 3114 2223 3209 capitulo
2260 3115 2355 3189 Xl
2389 3114 2826 3211 Purgatorii,
2862 3114 2955 3187 de
2988 3113 3467 3189 Provinciano
3502 3114 3819 3209 Silvano,

1486 3236 1612 3331 qui
1663 3256 1836 3310 cum
1890 3234 2203 3310 venisset
2256 3254 2429 3308 cum
2482 3235 2633 3307 suis
2692 3233 3119 3309 senensibus
3180 3240 3435 3308 contra
3496 3242 3827 3309 castrum

1483 3354 1870 3430 comitatus
1920 3353 2325 3450 Florentiae,
2382 3353 2579 3448 quod
2629 3352 2893 3430 dicitur
2943 3352 3165 3448 Colle,
3202 3353 3338 3428 ista
3371 3353 3671 3429 domina
3705 3376 3827 3430 ar-

1485 3476 1664 3552 dens
1712 3475 1878 3550 odio
1931 3474 2374 3568 senensium,
2412 3495 2505 3550 ex
2556 3476 2710 3550 sola
2760 3475 3029 3550 invidia
3064 3475 3302 3570 posuit
3352 3497 3433 3550 se
3480 3475 3573 3550 ad
3626 3476 3827 3550 sene—

1485 3602 1711 3672 stram
1766 3595 1986 3670 unius
2037 3596 2279 3690 palatii
2332 3596 2405 3669 in
2458 3602 2700 3670 castro
2750 3617 2888 3671 suo
2938 3596 3113 3670 satis
3148 3595 3386 3670 vicino
3426 3595 3589 3670 loco
3638 3595 3829 3690 belli,

1487 3723 1880 3811 expectans
1939 3722 2319 3813 eventum,
2372 3723 2445 3793 et
2505 3722 2765 3812 optans
2814 3716 3075 3792 audire
3138 3716 3428 3816 ruinam
3490 3737 3823 3792 suorum.

1487 3835 1750 3935 Audito
1803 3856 1983 3932 ergo
2035 3857 2341 3911 rumore
2390 3836 2680 3912 sinistro
2736 3837 3117 3914 conflictus
3182 3843 3257 3911 et
3332 3844 3572 3913 morte
3626 3836 3827 3912 ducis

1489 3955 1925 4051 miseranda,
1979 3958 2319 4032 exultans
2365 3956 2637 4053 gaudio
2689 3958 3073 4052 immenso,
3130 3958 3376 4032 animo
3430 3957 3823 4053 gratulanti
3918 4048 3925 4056 ι

1489 4077 1724 4153 erexit
1771 4084 1990 4173 caput
2043 4084 2325 4152 temere
2374 4083 2629 4152 contra
2680 4079 2979 4173 coelum,
3028 4084 3104 4154 et
3152 4077 3366 4152 dixit:
3422 4078 3513 4151 sit
3562 4078 3657 4153 de
3708 4097 3827 4153 me

1488 4197 1758 4272 amodo
1809 4195 2160 4292 quidquid
2217 4197 2397 4292 vult,
2462 4204 2539 4272 et
2588 4197 2803 4273 saciat
2860 4197 3034 4272 mihi
3078 4198 3275 4272 Deus
3334 4219 3557 4292 quam
3622 4197 3824 4293 peius

1487 4325 1756 4415 potest,
1821 4317 1992 4413 qula
2059 4317 2329 4392 amodo
2398 4317 2641 4392 vivam
2711 4319 2900 4412 laeta,
2966 4323 3041 4393 et
3110 4319 3386 4394 moriar
3460 4325 3819 4394 contenta.

1489 4439 1698 4514 Modo
1749 4439 1841 4513 ad
1893 4437 2343 4534 propositum
2396 4439 2528 4512 ista
2580 4439 2791 4534 Sapia
2855 4439 2949 4514 ad
2998 4439 3583 4516 confirmandum
3632 4439 3823 4535 quod

1487 4557 1794 4652 dixerat,
1847 4557 2085 4653 primo
2136 4558 2473 4653 proponit
2520 4579 2745 4632 suum
2796 4559 3051 4634 sallum
3086 4559 3161 4634 in
3196 4560 3545 4656 generali,
3581 4560 3823 4634 dicens

1487 4679 1738 4754 Danti:
1789 4701 1828 4752 e
1871 4675 2126 4772 perche*
2179 4688 2251 4754 lu
2300 4700 2445 4752 non
2491 4683 2687 4754 credi
2732 4682 2833 4753 ch’
2856 4683 2929 4754 io
2975 4683 3019 4753 ι’
3044 4683 3359 4776 ιἠραηιιὲ,
3406 4683 3529 4755 odi
3572 4703 3649 4754 se
3690 4684 3821 4775 fiai,

1488 4804 1664 4876 com'
1679 4805 1748 4874 io
1783 4805 1833 4874 ti
1864 4803 2046 4893 ἅεὶεο,
2074 4804 2269 4897 folle,
2305 4800 2507 4895 idest,
2536 4801 2949 4877 temeraria.
2986 4801 3077 4876 Et
3124 4809 3480 4898 aggravat
3526 4801 3823 4894 factum,

1494 4967 1783 4977 m—-e-

1617 5061 1670 5124 (¹)
1703 5061 1765 5113 Ε.
1799 5061 1952 5114 debes
1982 5063 2116 5114 seire
2145 5069 2203 5114 et
2230 5075 2543 5114 memor-ro.
