4392 6850
1206 922 1485 979 CANTUS
1533 924 1847 981 DECIMUS
1896 924 2266 981 snmus.
2762 914 2900 979 471

568 1076 781 1147 erant
826 1066 1161 1165 imperio,
1206 1074 1383 1142 tunc
1434 1074 1599 1143 erat
1644 1068 1911 1143 invidia
1946 1088 2238 1167 magna.
2276 1069 2534 1144 Nonne
2567 1069 2742 1144 satis
2777 1088 2914 1143 no·-

566 1195 717 1263 stra
768 1188 965 1265 mala
1014 1208 1149 1263 nos
1196 1196 1547 1284 premunt
1594 1189 1729 1265 nisi
1788 1190 2027 1265 aliena
2088 1211 2223 1265 nos
2280 1191 2664 1265 crucient?
2721 1191 2912 1266 anti-

569 1330 800 1404 quum
854 1308 1331 1404 proverbium
1380 1316 1529 1384 est:
1594 1310 1859 1385 invidia
1922 1311 2113 1408 lippa
2174 1319 2289 1387 est
2317 1304 2392 1404 (¹)
2453 1312 2707 1407 oculiS‚
2760 1332 2906 1386 non

569 1429 795 1524 videt3
846 1428 1045 1506 unde
1091 1428 1421 1505 vicinitas
1468 1436 1547 1505 et
1591 1432 2033 1526 prosperitas
2090 1438 2434 1527 parentes
2491 1439 2662 1507 sunt
2722 1430 2908 1506 invi-

568 1548 727 1627 dioe.
778 1550 967 1639 Quid
1024 1570 1207 1647 ergo
1258 1550 1533 1625 tristius
1584 1550 1875 1645 invidia,
1928 1572 2097 1646 quae
2160 1553 2332 1627 solis
2411 1553 2622 1629 malis
2681 1552 2916 1649 pasci-

570 1675 697 1745 tur
744 1677 821 1747 et
876 1677 1270 1766 torquetur
1334 1671 1545 1746 bonis
1570 1676 1603 1744 Τ
1670 1679 1744 1747 et
1810 1674 2009 1766 quod
2066 1674 2224 1749 aliis
2292 1680 2496 1769 optat
2561 1676 2715 1770 jam
2777 1674 2910 1749 sibi
2995 1756 3000 1763 ,

572 1792 793 1869 habet
845 1792 1149 1867 malum.
1202 1792 1395 1889 Ergo
1446 1793 1637 1867 bene
1685 1798 1761 1869 et
1814 1794 2115 1890 egregie
2162 1794 2574 1869 Alexander
2613 1794 2910 1869 Macedo

569 1912 857 1987 dicebat
912 1912 1197 1987 invidos
1262 1912 1359 1988 nil
1413 1912 1613 1987 aliud
1680 1934 1841 1989 esse
1910 1935 2136 2008 quam
2206 1920 2572 1989 tormenta
2632 1916 2767 1989 sui.
2821 1915 2912 1987 Et

570 2040 775 2109 certe
846 2033 1161 2108 verbum
1227 2053 1461 2130 grave
1534 2040 1695 2109 erat
1759 2034 1938 2109 levis
1994 2035 2312 2131 juvenis.
2343 2076 2444 2091 --
2484 2040 2573 2107 Et
2641 2031 2696 2110 ἐ.
2775 2035 2906 2109 Hic

570 2152 911 2249 Virgilius
962 2152 1191 2250 tangit
1242 2153 1539 2228 tertium
1590 2153 1895 2228 modum
1939 2156 2109 2231 mali
2170 2156 2447 2231 amoris
2479 2178 2524 2231 a
2574 2176 2725 2251 quo
2775 2176 2910 2230 na·-

568 2271 797 2347 scitur
854 2272 1013 2347 ira:
1092 2272 1491 2347 iracundus
1558 2274 1755 2349 enim
1816 2275 2089 2370 appetit
2151 2275 2542 2351 vindictam
2595 2276 2689 2350 de
2739 2296 2912 2371 par·-

568 2392 1003 2489 vipendente
1076 2413 1279 2487 eum,
1354 2414 1529 2475 cum
1608 2395 1831 2469 homo
1909 2396 2342 2471 naturaliter
2415 2396 2506 2469 sit
2575 2395 2916 2491 appetiti-

568 2536 705 2591 vus
722 2505 795 2609 (¹)
849 2514 1165 2589 honoris.
1201 2514 1385 2589 Dicit
1434 2492 1651 2611 ergo:
1688 2520 1777 2589 Ee
1806 2512 1867 2607 ὁ,
1906 2516 2201 2610 scilicet,
2236 2515 2502 2611 aliquis
2549 2516 2756 2609 alius,
2799 2517 2913 2589 clei

564 2656 713 2729 par
758 2638 861 2709 ck’
890 2638 1159 2726 adonti,
1208 2634 1414 2728 idest,
1458 2634 1760 2730 recipiat
1808 2634 2358 2729 contumeliam,
2393 2656 2526 2729 per
2572 2636 2910 2726 inqiut-ia,

575 2756 841 2831 factam
891 2756 987 2829 ab
1036 2754 1203 2848 alio,
1254 2746 1317 2827 si
1364 2753 1484 2829 che
1548 2756 1613 2827 si
1661 2757 1747 2848 sa
1794 2758 1979 2829 della
2030 2758 2344 2831 vendecta
2391 2758 2676 2847 yhiotm,
2729 2752 2913 2828 idest

572 2875 833 2949 avidus
882 2875 1227 2969 multum,
1262 2897 1301 2948 e
1340 2878 1444 2949 tal
1483 2896 1747 2949 convert
1794 2878 1914 2949 che
1960 2879 2017 2949 il
2064 2879 2244 2949 male
2295 2879 2508 2949 alb-ui
2553 2878 2912 2968 impronti,

576 2994 865 3088 scilicet,
900 2994 1469 3070 destructionem
1508 2994 1843 3090 proximi.
1873 2995 1961 3068 Et
1994 2996 2110 3069 hic
2143 3002 2316 3071 nota
2351 2996 2550 3090 quod
2589 2996 2748 3069 baec
2779 3013 2914 3089 pe·

576 3115 702 3191 stis
750 3114 1089 3209 quamvis
1136 3113 1467 3191 destruat
1518 3122 1591 3191 et
1640 3115 1921 3191 cruciet
1968 3116 2171 3210 alim,
2217 3121 2466 3191 tamen
2515 3135 2710 3211 saepe
2741 3136 2915 3211 pos-

576 3255 937 3311 sessorem
986 3256 1247 3330 suum3
1294 3236 1489 3311 unde
1520 3226 1593 3329 (³)
1630 3236 1797 3313 licet
1829 3237 2193 3311 Homerus
2227 3236 2490 3311 dixerit
2531 3236 2716 3312 iram
2754 3256 2916 3311 esse

575 3354 979 3432 dulciorem
1030 3356 1251 3432 melle
1298 3355 1711 3452 distillante,
1746 3354 1920 3430 nibil
1960 3362 2210 3432 tamen
2253 3356 2544 3432 videtur
2586 3356 2916 3432 amarius

576 3474 709 3550 ira.
762 3476 965 3550 Unde
998 3475 1263 3550 Caelius
1308 3483 1605 3552 senator
1656 3462 2011 3551 romanus
2044 3476 2645 3552 iracundissimus
2679 3476 2918 3550 homi-

578 3617 761 3672 num
810 3597 1233 3673 exclamans
1282 3603 1538 3672 contra
1588 3596 2023 3674 familiarem
2076 3619 2323 3693 suum,
2375 3597 2502 3693 qui
2551 3597 2627 3671 in
2678 3597 2918 3671 omni-

579 3717 719 3792 bus
766 3717 899 3791 sibi
950 3717 1469 3810 consentiebat,
1519 3716 1700 3790 dixit
1746 3716 2109 3792 irascens:
2162 3716 2278 3791 dic
2335 3717 2606 3810 aliquid
2659 3723 2914 3790 contra

584 3845 665 3911 ut
712 3837 945 3912 simus
990 3837 1183 3912 duo:
1222 3837 1325 3912 sic
1358 3856 1581 3912 omne
1614 3838 2005 3912 verbulum
2046 3837 2408 3911 trahimus
2439 3838 2533 3912 ad
2575 3836 2913 3911 iniuriam

581 3956 1002 4053 capitalem3
1056 3977 1191 4032 nec
1240 3963 1353 4032 est
1401 3962 1599 4031 tanta
1636 3955 1913 4032 offensa
1948 3963 2224 4050 quanta
2261 3963 2370 4031 est
2404 3956 2746 4052 superbia
2783 3975 2914 4029 no-

583 4085 753 4156 stra.
789 4077 1329 4153 Nobilissimum
1370 4098 1553 4174 ergo
1585 4097 1821 4174 genus
1861 4076 2193 4151 vindictae
2230 4083 2339 4152 est
2383 4097 2710 4173 parcere.
2746 4077 2916 4152 Ideo

582 4199 771 4276 bene
818 4197 1307 4273 nobilissimus
1340 4205 1592 4274 orator
1627 4198 1880 4271 tribuit
1912 4198 2003 4272 ad
2042 4217 2414 4272 summam
2450 4197 2742 4272 laudem
2783 4217 2917 4271 no-

582 4320 927 4396 bilissimo
976 4319 1167 4414 duci,
1220 4319 1417 4414 quod
1478 4318 1653 4392 nihil
1713 4319 1983 4394 soleret
2033 4318 2167 4392 nisi
2219 4317 2518 4392 iniurias
2569 4317 2913 4392 oblivisci.

581 4440 941 4516 Adrianus
992 4461 1173 4514 vero
1221 4439 1457 4514 factus
1506 4439 1909 4534 imperator
1944 4438 2069 4512 uni
2100 4449 2337 4533 'quem
2388 4436 2752 4511 habuerat
2791 4456 2916 4510 ca·-

581 4561 873 4657 pitalem
910 4561 1285 4635 inimicum
1321 4560 1535 4635 dixit:
1572 4559 1883 4636 evasisti.
1912 4559 2105 4634 Vere
2132 4559 2446 4634 verbum
2483 4557 2722 4633 nobile
2757 4579 2917 4632 ma-

580 4679 931 4778 gnificum
994 4687 1069 4754 et
1128 4700 1559 4756 caesareum.
1626 4681 1715 4753 Et
1775 4679 2141 4754 concludit
2209 4677 2400 4753 istud
2471 4678 2921 4771 membrum,

582 4802 863 4878 dicens:
900 4808 1133 4893 questo
1166 4804 1485 4894 triforme
1515 4822 1753 4892 amor,
1788 4800 1993 4894 idest,
2028 4799 2162 4874 iste
2201 4799 2456 4894 triplex
2495 4819 2711 4873 amor
2747 4799 2916 4872 mall

2742 4939 2918 4946 *-

706 4987 763 5049 (¹)
796 4987 857 5037 F..
890 4987 1029 5050 lippa
1060 4992 1156 5044 cst,
1192 5001 1294 5039 non
1328 4989 1481 5038 videt.
1504 5015 1560 5024 —
1585 4991 1691 5043 11⁷.
1726 4987 1861 5052 lippa
1893 4992 1973 5037 cst
2003 4988 2183 5048 oculis,
2219 4987 2498 5054 longinqua
2529 5002 2634 5039 non
2669 4987 2818 5036 videt.

704 5063 765 5126 (⁸)
796 5067 907 5122 1¹⁷,
939 5065 1207 5118 maurus.
1850 5061 1904 5125 (⁰)
1937 5063 1997 5114 E.
2032 5063 2171 5114 unde
2203 5077 2340 5127 npe
2368 5063 2508 5115 ilcet-
2566 5109 2576 5119 .
