4392 6850
1258 964 1536 1020 caim-us
1583 964 1904 1022 nummus
1949 963 2307 1030 QUARTUS·
2801 947 2945 1018 39ss

605 1109 900 1201 tissima,
939 1103 1483 1202 temporibus(')
1517 1111 1944 1205 gothorum,
1979 1107 2631 1204 langobardorum,
2658 1111 2734 1182 et
2769 1125 2949 1180 van-

601 1229 986 1321 dalorum3
1047 1227 1302 1304 habuit
1360 1249 1554 1324 saepe
1615 1247 1876 1324 regem
1942 1228 2176 1302 multa
2235 1233 2311 1304 et
2368 1247 2635 1324 magna
2684 1225 2945 1322 proelia

599 1350 767 1429 fecit
799 1356 875 1426 et
909 1348 1094 1442 tulit,
1122 1347 1286 1424 licet
1325 1349 1540 1424 hodie
1583 1350 1680 1424 sit
1729 1355 2016 1424 tantum
2051 1348 2397 1445 languida
2437 1355 2513 1424 et
2544 1348 2945 1439 exhausta3

599 1471 728 1548 sed
777 1469 1146 1565 decrepita
1193 1470 1438 1544 amisit
1485 1470 1679 1546 vires
1727 1491 1902 1546 suas
1961 1470 2299 1566 proxima
2362 1468 2676 1546 occasui.
2742 1467 2949 1544 Sicut

603 1592 798 1667 enim
851 1591 1195 1667 scribitur
1246 1590 1320 1665 in
1369 1591 1555 1666 libro
1603 1591 1984 1688 Chronicae
2041 1591 2434 1685 Ravennae,
2486 1589 2613 1684 qui
2678 1587 2947 1666 dicitur

603 1710 1051 1807 pontificem,
1098 1711 1446 1786 Ravenna
1497 1711 1784 1788 condita
1819 1717 1928 1786 est
1961 1731 2010 1784 a
2044 1711 2562 1806 pronepotibus
2596 1711 2753 1784 Noe
2784 1713 2945 1804 post

603 1831 974 1906 Diluvium
1027 1837 1198 1906 ante
1247 1830 1708 1906 Nativitatem
1741 1821 1816 1923 (²)
1867 1831 2129 1906 Christi
2166 1851 2297 1926 per
2330 1850 2561 1904 annos
2594 1829 2743 1904 duo
2778 1827 2945 1904 mil-

603 1950 700 2026 lia
735 1950 1308 2046 quadringentos
1343 1951 1736 2046 nonaginta
1771 1969 2063 2026 novem.
2089 1949 2301 2038 Quod
2328 1969 2471 2024 non
2502 1948 2747 2042 cred0,
2771 1946 2945 2040 quia

601 2069 696 2146 de
745 2076 898 2146 tam
951 2071 1168 2166 longa
1217 2070 1649 2165 antiquitate
1699 2069 1877 2146 nulli
1927 2077 2231 2146 autoroe
2282 2067 2707 2161 authentici,
2758 2085 2947 2162 quos

603 2213 746 2288 ego
821 2191 1153 2285 viderim,
1227 2191 1502 2286 aliquid
1575 2190 1905 2266 scribunt
1941 2181 2039 2284 (³).
2119 2191 2470 2266 Ravenna
2536 2187 2734 2264 enim
2812 2185 2948 2260 fuit

603 2313 886 2388 colonia
945 2311 1396 2405 sabinorum,
1451 2319 1534 2386 ut
1583 2312 1751 2387 dicit
1803 2313 2124 2407 Plinius3
2191 2319 2268 2388 et
2332 2311 2584 2388 dicunt
2644 2309 2945 2404 quidam

603 2439 994 2528 sequentoe
1059 2432 1476 2527 opinionem
1547 2451 2046 2526 communem,
2117 2432 2317 2526 quod
2384 2432 2487 2506 sic
2552 2429 2743 2506 dicta
2808 2435 2943 2525 est,

603 2554 776 2650 quia
845 2553 1126 2628 ratibus
1176 2553 1552 2628 venientes
1625 2552 2105 2629 condiderunt
2167 2573 2358 2628 eam.
2427 2553 2589 2628 Non
2664 2552 2943 2626 mirum

603 2697 806 2772 ergO‚
857 2674 916 2748 si
967 2680 1182 2769 poeta
1235 2675 1490 2750 nobilis
1539 2674 1758 2770 elegit
1805 2673 1940 2748 sibi
1993 2673 2243 2750 vivere
2305 2680 2379 2750 et
2444 2673 2631 2749 mori
2684 2675 2759 2748 in
2808 2695 2944 2750 no-

603 2796 723 2870 bili
803 2795 1118 2890 civitate,
1187 2795 1310 2870 ubi
1375 2797 1576 2890 jacet
1642 2795 1840 2890 apud
1917 2795 2160 2870 locum
2228 2795 2593 2870 Minorum
2668 2795 2741 2870 in
2819 2801 2943 2870 tu·-

603 2917 810 2990 mulo
861 2916 1074 2990 valde
1119 2915 1352 3012 gravi.
1413 2915 1501 2988 Et
1566 2921 1770 2990 certe
1829 2914 2118 3012 dignius
2174 2914 2480 3008 quiescit
2541 2915 2807 2992 Dantes
2866 2917 2942 2992 in

604 3041 805 3112 terra
857 3034 1146 3108 madida
1195 3033 1552 3130 sanguine
1601 3041 2039 3130 martyrum,
2075 3033 2150 3108 in
2189 3055 2339 3129 qua
2374 3035 2507 3108 fuit
2540 3036 2941 3112 honoratus

605 3155 680 3230 in
733 3155 904 3250 vita,
955 3175 1182 3249 quam
1233 3155 1308 3228 in
1361 3160 1556 3230 terra
1611 3154 1930 3250 maligna
1981 3160 2055 3229 et
2105 3154 2412 3250 ingrata,
2464 3160 2549 3228 ut
2613 3156 2765 3250 ipse
2812 3157 2939 3251 ait,

602 3275 698 3350 de
731 3295 880 3370 qua
915 3275 1168 3349 vivens
1201 3273 1418 3372 digne
1447 3262 1522 3366 (⁴)
1561 3273 1792 3350 factus
1825 3282 1936 3350 est
1969 3275 2166 3350 exul.
2204 3275 2291 3348 Et
2324 3275 2687 3351 concludit
2726 3283 2941 3371 poeta

603 3395 696 3470 de
761 3395 1050 3469 duabus
1112 3394 1398 3471 familiis
1451 3393 1834 3491 praecipuis
1899 3393 1992 3471 de
2058 3395 2454 3471 Ravenna:
2524 3417 2563 3471 e
2634 3399 2842 3471 tuna
2904 3417 2943 3470 e

604 3518 650 3589 ι’
673 3519 868 3589 altra
913 3522 1140 3607 yeme,
1189 3514 1482 3609 scilicet,
1531 3535 1770 3612 genus
1819 3516 2463 3593 Traversariorum
2514 3522 2588 3591 et
2634 3518 2947 3593 Anasta-

601 3634 908 3729 siorum‚
959 3627 1002 3709 ἐ
1045 3638 1374 3725 dir-ecam,
1423 3636 1596 3729 quia
1647 3656 1798 3709 non
1847 3641 2048 3710 extat
2097 3637 2335 3711 haeres
2382 3657 2581 3711 suus.
2636 3636 2743 3711 De
2792 3657 2943 3731 quo

601 3754 996 3841 dolendum
1049 3762 1180 3831 est.
1207 3794 1308 3811 --
1331 3760 1424 3829 Le
1471 3758 1720 3831 donne.
1773 3756 1904 3831 Hic
1953 3756 2190 3831 Guido
2226 3762 2593 3831 memorat
2622 3764 2833 3853 gesta
2866 3764 2943 3833 et

603 3874 784 3951 festa
832 3875 1068 3971 gentis
1117 3875 1639 3969 Romandiolae,
1687 3875 1971 3951 dicens:
2023 3897 2062 3949 e
2109 3878 2395 3969 quando
2451 3877 2830 3951 rimembro
2880 3879 2943 3951 le

605 3998 834 4073 donne
882 4017 921 4070 e
967 4000 997 4071 i
1042 4000 1378 4089 cavam,
1431 3997 1558 4091 qui
1617 3997 1827 4071 multi
1883 4003 2097 4073 erant
2163 3997 2237 4073 in
2303 3995 2799 4073 Romandiola.
2852 3998 2943 4073 Et

605 4117 726 4193 dat
773 4116 1076 4213 singulis
1116 4117 1354 4193 officia
1389 4138 1548 4211 sua,
1581 4116 1866 4195 dicens:
1901 4120 2004 4209 oli
2034 4120 2311 4211 affanni
2340 4140 2379 4191 e
2412 4120 2516 4208 911·
2552 4120 2697 4208 aqi,
2734 4116 2941 4212 idest,

607 4237 954 4313 exercitia
1003 4258 1412 4333 armorum,
1477 4239 1778 4314 honesta
1847 4238 2201 4331 convivia,
2264 4237 2598 4332 tripudia,
2658 4242 2733 4311 et
2798 4238 2943 4313 alia
3050 4292 3057 4297 -

607 4358 882 4453 solatia,
951 4378 1278 4453 quorum
1335 4358 1586 4451 aliqua
1649 4358 1884 4454 magis
1949 4363 2375 4453 competunt
2432 4356 2627 4450 viris,
2694 4356 2944 4451 aliqua

611 4480 1078 4574 mulieribus;
1131 4484 1206 4555 et
1253 4478 1459 4553 dicit:
1511 4481 1633 4553 che
1679 4500 1768 4551 ne
1800 4482 2225 4570 ἠυορὶἱαυα,
2278 4476 2479 4572 idest,
2534 4497 2701 4572 quae
2751 4498 2945 4573 prae-

605 4600 790 4677 dicta
859 4600 1297 4677 inducebant
1361 4620 1496 4675 nos
1571 4599 1643 4673 in
1714 4600 2189 4693 voluntatem,
2254 4620 2463 4673 amor
2520 4620 2559 4671 e
2618 4601 2943 4689 cor-tesia,

725 4794 779 4857 (¹)
811 4794 873 4845 E.
907 4800 1143 4857 tempore
1176 4796 1474 4859 gothorum.

723 4868 778 4933 (¹)
811 4872 873 4923 E.
905 4876 1025 4921 ante
1058 4872 1384 4923 Nativitatem
1405 4870 1760 4936 gloriosissimi
1789 4872 2152 4937 Redemptus-ts
2185 4872 2348 4923 nenti
2380 4872 2587 4923 Domini
2608 4872 2733 4923 Jcsn
2752 4870 2941 4923 Christi

605 4962 695 5013 W
725 4962 1168 5086 gagnei-ibana
1198 5039 1330 5090 qnos
1359 5036 1458 5089 ego
1491 5025 1726 5077 vidissem
1757 5024 1942 5077 saltem
1973 5027 2016 5077 si
2049 5040 2142 5090 per
2163 5026 2293 5078 ulios
2314 5026 2405 5076 visi
2429 5024 2661 5075 fuissent.
2680 5024 2939 5077 Ravenna.

728 5099 782 5165 (⁸)
815 5100 876 5151 Ε.
905 5100 1111 5165 indigne
1144 5101 1312 5153 factus
1340 5107 1436 5153 est.
