4392 6850
1410 857 1693 916 emus
1740 859 2141 919 nummus.
2797 848 2940 915 545

598 1000 751 1077 bris
798 1000 1363 1095 terroemotibus,
1415 1000 1589 1096 quia
1640 1022 2067 1099 cavernosa,
2102 1023 2273 1097 quae
2311 1002 2706 1097 aliquando
2743 1002 2942 1079 stetit

598 1128 943 1217 cooperta
994 1122 1207 1217 aquis
1258 1142 1525 1203 novem
1592 1123 1965 1203 mensibus
2027 1131 2362 1219 tempore
2427 1123 2680 1199 diluvii
2739 1122 2938 1218 quod

601 1240 735 1320 fuit
783 1241 859 1328 in
908 1242 1191 1323 Graecia
1235 1250 1593 1340 regnante
1625 1243 1904 1341 Ogygio
1943 1264 2157 1343 rege:
2192 1244 2266 1318 in
2309 1242 2456 1321 fine
2489 1264 2672 1319 vero
2712 1265 2940 1341 appa-

602 1368 913 1450 ruerunt
964 1362 1061 1441 ibi
1113 1362 1295 1441 radii
1343 1362 1513 1439 solis
1561 1370 1637 1439 et
1686 1364 1919 1458 luuae3
1960 1364 2127 1439 ideo
2162 1364 2380 1441 datus
2419 1371 2530 1440 est
2569 1366 2778 1439 locus
2826 1365 2939 1441 fa-

598 1484 791 1569 buloe
842 1483 1043 1578 quod
1090 1486 1367 1562 Latona
1400 1483 1677 1579 peperit
1712 1484 1807 1561 ibi
1841 1485 2071 1560 solem
2106 1491 2183 1562 et
2222 1486 2498 1561 lunam.
2543 1485 2935 1562 Verumta-

602 1623 773 1686 men
824 1602 1163 1698 quamvis
1212 1602 1349 1679 ista
1390 1602 1745 1698 expositio
1777 1624 2095 1681 consona
2134 1604 2493 1699 videatur,
2529 1606 2944 1681 Macrobius

600 1724 787 1807 libro
836 1724 1341 1801 Saturnalium
1390 1722 1731 1800 subtilius
1779 1724 2092 1800 rimatur
2143 1724 2528 1802 veritatem
2570 1726 2792 1799 huius
2829 1726 2952 1801 rei.

600 1844 1027 1939 profundius
1078 1845 1448 1925 latentem.
1492 1842 1678 1918 Dicit
1710 1844 1907 1921 enim
1950 1844 2151 1939 quod
2188 1845 2286 1920 ab
2326 1844 2612 1942 origine
2657 1846 2936 1940 mundi,

598 1986 773 2043 cum
825 1964 1073 2040 omnia
1112 1966 1477 2043 elementa
1512 1972 1756 2041 essent
1787 1964 2007 2040 simul
2042 1964 2273 2042 mixta
2307 1964 2570 2040 in-uno
2603 1986 2938 2060 corpore,

594 2085 797 2180 quod
844 2084 1121 2180 antiqui
1172 2086 1728 2181 appellaverunt
1758 2085 2017 2179 Chaos,
2054 2105 2227 2161 cum
2264 2085 2602 2181 coepisset
2637 2086 2792 2162 lieri
2827 2085 2940 2161 di·-

600 2203 885 2281 stinctio
936 2204 1261 2280 formalis
1300 2205 1863 2299 elementorum,
1900 2211 2099 2283 terra
2140 2206 2383 2281 adhuc
2424 2204 2724 2281 humida
2758 2206 2974 2311 sub-p

600 2324 859 2402 stantia
915 2324 989 2400 in
1040 2324 1239 2408 molli
1290 2331 1366 2400 et
1411 2324 1723 2401 instabili
1774 2325 1947 2401 sede
1998 2323 2332 2419 natabat3
2383 2324 2513 2400 sed
2561 2333 2942 2401 crescente

602 2444 953 2539 paulatim
1004 2447 1249 2522 calore
1298 2445 1575 2522 coelesti
1625 2445 1783 2520 baec
1832 2445 1982 2521 duo
2033 2444 2274 2520 sidera
2327 2451 2497 2520 nata
2560 2444 2937 2541 videntum

604 2570 679 2641 et
725 2564 834 2639 sol
884 2564 1179 2659 quidem
1234 2564 1559 2644 maxima
1605 2565 1678 2640 vi
1729 2564 1993 2640 caloris
2042 2564 2277 2640 tenuit
2327 2566 2572 2640 locum
2610 2567 2942 2661 superio-

607 2705 809 2779 rem3
858 2686 1033 2761 luna
1084 2706 1264 2761 vero
1313 2687 1516 2764 velut
1566 2684 1867 2763 humida
1899 2685 2204 2761 foemina
2245 2685 2483 2760 tenuit
2532 2687 2778 2762 locum
2829 2688 2944 2763 in-

608 2806 975 2886 feriorem.
1028 2807 1304 2883 Latona
1356 2804 1575 2899 enim,
1626 2812 1712 2879 ut
1761 2804 2031 2902 physici
2085 2807 2366 2900 volunt,
2409 2812 2520 2881 est
2569 2816 2769 2883 terra
2819 2808 2950 2888 cui.

603 2924 735 3002 diu
776 2924 1099 3001 obviavit
1130 2926 1323 3003 Juno
1346 2918 1420 3018 (³)
1459 2945 1555 3000 ne
1586 2924 1867 3001 lumina
1900 2924 2037 3001 ista
2069 2925 2467 3020 orirentur,
2503 2926 2708 3021 idest,
2743 2928 2942 3021 quod

600 3064 733 3123 aer
782 3046 911 3139 qui
963 3052 1140 3121 tunc
1190 3052 1352 3123 erat
1400 3044 1747 3119 humidus
1814 3052 1889 3121 et
1948 3045 2283 3120 turbidus
2341 3045 2678 3122 obstabat
2727 3049 2938 3143 coelo,

603 3187 697 3243 ne
732 3150 1073 3261 splendor
1106 3166 1472 3241 luminum
1504 3173 1930 3261 appareret3
1971 3165 2100 3240 sed
2137 3165 2400 3242 divinae.
2435 3159 2938 3261 prudentioe(²)

600 3306 829 3383 opera
880 3286 1071 3381 vicit,
1124 3307 1293 3381 quae
1341 3286 1622 3361 adiuvit
1671 3294 1990 3382 partum,
2044 3293 2343 3380 propter
2393 3286 2590 3380 quod
2644 3286 2940 3384 fingun-

602 3413 726 3480 tur
778 3405 960 3502 parti
990 3396 1065 3499 (³)
1104 3406 1177 3482 in
1214 3404 1449 3483 insula
1492 3406 1729 3500 Delos,
1764 3405 1937 3500 quia
1990 3427 2085 3482 ex
2132 3406 2320 3480 mari
2356 3405 2562 3483 uobis
2600 3406 2940 3484 videntur

603 3524 804 3620 oriri,
872 3525 1045 3621 quia
1111 3530 1397 3620 partus,
1467 3525 1671 3619 idest,
1742 3533 1953 3600 ortus
2020 3526 2387 3601 luminum
2453 3526 2702 3602 omnia
2774 3525 2946 3602 facit

604 3656 856 3744 aperte
906 3647 1333 3724 clarescere.
1387 3645 1603 3721 Delos
1652 3644 1847 3720 enim
1902 3637 2428 3743 interpretatur
2467 3646 2781 3722 claritas
2834 3646 2942 3730 Aa

606 3767 893 3848 literam
928 3786 1133 3862 ergo,
1158 3765 1331 3840 dicit
1361 3771 1614 3860 poeta:
1659 3770 1860 3840 Certo
1899 3769 2076 3839 Delo
2107 3786 2249 3839 non
2282 3769 2349 3841 si
2377 3772 2609 3840 scotea
2638 3759 2700 3840 εὶ
2726 3770 2942 3860 sorte,

605 3887 811 3980 idest,
864 3905 1011 3968 non
1064 3885 1499 3966 movebatur
1548 3884 1651 3962 ita
1699 3885 1873 3960 olim
1928 3885 2115 3960 sicut
2166 3907 2364 3960 nuuc
2415 3907 2628 3960 mons
2667 3908 2946 3983 purga-

604 4006 771 4083 torii
792 4061 812 4100 ,
856 4008 1027 4098 pria
1073 4007 1194 4079 01oe
1246 4009 1542 4095 Latona,
1590 4005 1901 4100 profuga
1952 4011 2029 4080 et
2076 4006 2405 4100 gravida,
2450 4011 2718 4100 facesse
2747 4010 2823 4080 in
2853 4010 2945 4081 ln·

605 4130 659 4200 il
690 4129 897 4216 uide,
948 4124 1153 4218 idest,
1207 4125 1595 4220 hospitium
1648 4133 1725 4200 et
1770 4125 2068 4219 lectum,
2121 4148 2170 4199 a
2202 4129 2537 4218 parem-e·
2566 4131 2620 4202 li
2657 4131 2791 4202 due
2821 4149 2943 4200 oc*

606 4251 714 4326 clai
760 4249 875 4322 del
918 4248 1114 4338 ciete,
1154 4244 1444 4340 scilicet,
1481 4245 1712 4324 solem
1752 4252 1827 4320 et
1862 4246 2136 4320 lunam.
2192 4247 2280 4321 Et
2328 4247 2446 4322 hic
2496 4254 2667 4323 nota
2705 4269 2943 4342 quam

606 4375 771 4449 tum
820 4365 1271 4461 comparatio
1302 4352 1375 4456 (⁴)
1414 4372 1527 4440 est
1560 4365 2085 4460 propriissima;
2120 4367 2310 4442 sicut
2343 4367 2538 4442 enim
2580 4369 2794 4445 Delos
2827 4367 2943 4442 iu·-

605 4489 768 4572 sula
815 4486 1212 4564 clarissima
1272 4484 1511 4560 emisit
1576 4484 1669 4560 ibi
1702 4476 1775 4578 (⁵)
1836 4486 1989 4560 duo
2050 4487 2448 4563 clarissima
2515 4486 2796 4562 lumina
2850 4486 2945 4563 ad

607 4610 921 4701 coelum3
974 4607 1071 4682 ita
1126 4627 1321 4681 nunc
1374 4627 1581 4683 mons
1622 4605 2025 4701 purgatorii
2068 4607 2516 4683 clarissimus
2566 4607 2944 4682 emittebat

730 4841 785 4902 (¹)
822 4839 878 4889 E.
910 4839 1067 4898 luno,
1100 4838 1229 4888 idest
1260 4851 1367 4898 aer,
1400 4837 1705 4887 uolumina.
1960 4833 2013 4896 (¹)
2046 4836 2107 4886 E.
2140 4836 2494 4898 providentio.

734 4915 785 4977 (⁸)
822 4919 928 4975 11⁷,
962 4915 1067 4964 nati
1101 4916 1151 4966 in
1182 4913 1365 4965 ins-tn.
1960 4912 2015 4974 (⁴)
2049 4912 2109 4961 B.
2144 4911 2258 4962 hoc
2289 4910 2624 4974 comparatio.

738 4994 791 5050 (⁸)
827 4996 934 5050 117,
966 4991 1111 5042 olim.

877 5097 961 5141 111.
1732 5115 1747 5134 2
2627 5094 2682 5136 35
