4392 6850
1465 959 1608 1029 338
2177 966 2587 1023 commu
2636 954 3081 1025 Pu'nflssoml

1462 1138 1618 1193 sua.
1673 1114 1883 1191 Stetit
1930 1119 2184 1189 autem
2236 1130 2369 1207 per
2420 1117 2743 1206 quatuor
2788 1110 2945 1187 dies
2994 1111 3093 1187 ibi
3141 1112 3513 1191 simulans,
3542 1132 3629 1191 se
3676 1134 3807 1190 va-

1462 1257 1638 1313 care
1670 1233 2124 1311 orationibus
2157 1232 2567 1307 secundum
2601 1232 2847 1328 legem
2874 1253 3113 1307 suam.
3141 1232 3521 1312 olofernes
3548 1241 3807 1311 autem

1462 1357 1731 1435 ardens
1781 1356 1942 1432 eius
1999 1374 2282 1449 amore,
2348 1374 2497 1429 uno
2554 1372 2722 1429 sero
2772 1374 2947 1429 cum
3006 1354 3081 1427 in
3141 1353 3479 1431 convivio
3536 1376 3809 1452 magno

1465 1478 1761 1555 bibisset
1811 1477 2201 1571 plusquam
2256 1494 2615 1568 umquam
2636 1527 2661 1567 ,
2710 1473 2959 1547 Iudith
3015 1472 3279 1549 invasit
3326 1494 3505 1551 eum
3562 1476 3817 1571 sepul-

1466 1606 1626 1674 tum
1679 1617 1936 1671 somno
1980 1601 2056 1671 et
2087 1593 2285 1687 vino,
2324 1599 2401 1669 et
2430 1599 2652 1688 caput
2686 1593 2877 1669 illius
2917 1593 3319 1671 abscissum
3361 1595 3681 1691 portavit
3717 1596 3811 1673 ad

1467 1740 1682 1813 suos;
1733 1737 1884 1812 quo
1933 1717 2026 1792 de
2074 1714 2377 1790 consilio
2426 1714 2589 1789 eius
2638 1714 2871 1809 posito
2920 1714 2994 1789 in
3048 1736 3267 1791 muro
3305 1714 3637 1810 civitatis,
3678 1716 3811 1792 be-

1469 1839 1775 1915 thuliani
1847 1843 2278 1933 eruperunt,
2347 1842 2423 1911 et
2495 1836 2909 1911 exercitum
2980 1834 3282 1913 faciliter
3348 1836 3811 1915 debellarunt

1460 1963 1616 2059 jam
1671 1980 1822 2056 prae
1876 1959 2140 2033 timore
2173 1956 2601 2053 fugientem.
2635 1955 2845 2031 Ozias
2876 1962 3129 2032 autem
3170 1956 3362 2031 misit
3397 1957 3646 2035 literas
3678 1978 3811 2053 per

1470 2101 1728 2157 omnes
1778 2078 2104 2155 civitates
2152 2077 2375 2153 Israel
2428 2082 2500 2152 et
2552 2076 2915 2171 persecuti
2964 2084 3136 2151 sunt
3194 2098 3325 2153 eos
3383 2098 3515 2173 per
3562 2078 3819 2155 omnia

1470 2202 1732 2277 itinera
1784 2198 2170 2275 montium.
2210 2198 2299 2271 Et
2330 2196 2657 2273 Joacbim
2708 2218 3051 2273 summus
3100 2195 3417 2292 pontifex
3470 2197 3547 2273 iu
3597 2198 3813 2273 Jeru-

1471 2322 1700 2397 salem
1755 2318 1952 2394 venit
2000 2317 2409 2392 Bethuliam
2460 2316 2554 2391 ad
2607 2315 2993 2393 videndam
3027 2316 3295 2410 Iudith,
3334 2336 3560 2411 quam
3608 2318 3813 2393 exal·-

1472 2441 1674 2517 tavit.
1701 2446 1776 2515 et
1783 2435 2194 2541 [benedixit
2244 2455 2469 2531 super
2532 2456 2791 2511 omnes
2858 2436 3224 2513 mulieres.
3294 2437 3397 2515 Ex
3461 2437 3573 2513 his
3636 2457 3817 2533 ergo

1475 2568 1674 2659 patet
1722 2558 2098 2655 quomodo
2131 2556 2581 2633 intoleranda
2618 2557 2965 2653 superbia
3008 2558 3311 2637 confusa
3348 2563 3457 2633 est
3491 2578 3625 2653 per
3660 2578 3819 2633 ma·-

1477 2704 1658 2757 num
1711 2680 2140 2755 humillimae
2191 2678 2542 2753 mulieris,
2597 2678 2705 2752 Ad
2754 2678 3043 2755 literam
3096 2698 3311 2775 ergo:
3348 2678 3521 2753 dicit
3560 2686 3815 2775 poeta:

1478 2809 1551 2878 et
1603 2802 1780 2875 illud
1829 2800 2357 2896 pavimentum,
2410 2806 2799 2890 moscrava,
2850 2798 2944 2871 ibi
3000 2797 3429 2894 figuratum,
3480 2820 3674 2873 come
3720 2802 3821 2891 93

1478 2925 1709 2997 Assiri
1763 2926 1827 2995 si
1881 2924 2172 3016 fuyyiro
2220 2923 2295 2993 in
2342 2927 2559 3010 roua,
2612 2919 2808 3013 quia,
2862 2925 2945 2993 ut
2994 2918 3280 2995 dicetur
3310 2914 3385 3011 (¹)
3452 2918 3529 2995 in
3584 2919 3821 3013 litera,-

1479 3044 1578 3117 ita
1629 3042 2069 3117 consternati
2121 3047 2316 3133 sunt,
2368 3047 2452 3114 ut
2504 3040 2747 3115 nullus
2800 3040 3231 3134 loqueretur
3262 3060 3438 3117 cum
3482 3041 3821 3135 proximo

1479 3186 1640 3259 suo,
1686 3168 1811 3257 poi
1849 3166 1968 3237 che
2009 3167 2090 3255 fu
2141 3168 2369 3235 morto
2428 3164 2779 3255 oloferne,
2839 3168 2915 3237 et
2962 3162 3291 3256 sepultus
3339 3162 3414 3236 in
3464 3162 3823 3258 sanguine

1479 3307 1655 3379 su03
1717 3291 1792 3361 et
1839 3284 2048 3359 dicit:
2082 3290 2148 3356 ec
2177 3304 2383 3373 anco,
2418 3282 2625 3375 idest,
2664 3281 2887 3357 etiam
2930 3282 3381 3376 ostendebat,
3430 3286 3495 3357 le
3540 3284 3826 3375 reliquie

1480 3410 1595 3482 del
1641 3408 1966 3498 martiro,
2019 3404 2313 3498 scilicet,
2362 3403 2763 3479 occisiones
2825 3402 3137 3478 militum
3192 3425 3531 3500 suorum,
3580 3411 3657 3480 et
3720 3406 3825 3481 la·-

1481 3548 1731 3604 ceram
1785 3527 2060 3624 fugam.
2097 3527 2322 3600 Erant
2356 3525 2555 3600 enim
2590 3533 2889 3600 centum
2932 3524 3182 3621 viginti
3218 3525 3439 3601 millia
3472 3527 3827 3622 peditum,

1483 3655 1560 3724 et
1607 3647 1941 3742 equitum
1981 3638 2054 3739 (²)
2094 3644 2345 3742 viginti
2380 3646 2531 3720 duo
2566 3645 2827 3740 millia3
2878 3643 3210 3722 similiter
3242 3653 3319 3721 et
3349 3645 3631 3742 praedas
3660 3669 3827 3722 ma-

1481 3789 1688 3866 gnaS,
1741 3788 1909 3841 nam
1963 3786 2223 3841 omnes
2270 3765 2471 3840 ditati
2524 3773 2695 3840 sunt
2744 3765 3005 3860 spoliis.
3042 3765 3437 3842 Benedicta
3476 3787 3663 3864 ergo
3698 3767 3827 3842 Ju-

1485 3891 1638 3966 ditb
1687 3889 2032 3966 castitatis
2068 3887 2519 3982 exemplum,
2554 3906 2723 3982 quae
2770 3887 2865 3962 de
2916 3887 3185 3964 invicto
3234 3893 3312 3962 et
3359 3885 3827 3982 insuperabili

1485 4011 1808 4108 principe
1860 4016 2008 4084 tam
2064 4007 2627 4104 magnanimiter
2680 4008 3175 4104 triumphavit.
3220 4049 3321 4066 --
3360 4010 3649 4082 Vedeva.
3700 4005 3827 4114 Hic

1489 4131 1745 4208 ultimo
1794 4137 2008 4225 poeta
2059 4128 2263 4224 ponit
2311 4148 2566 4224 regem
2620 4128 2997 4204 Priamum
3042 4127 3520 4204 memorabile
3570 4147 3827 4204 exem-v

1487 4251 1692 4347 plum
1745 4249 2082 4342 fortunae,
2135 4255 2285 4322 tam
2341 4248 2757 4324 miserabile
2806 4269 3031 4340 quam
3088 4247 3293 4322 triste
3326 4249 3825 4343 spectaculum

1487 4371 1822 4446 omnium
1850 4370 2367 4464 superborum.
2395 4370 2556 4463 Ipse
2590 4366 2889 4462 quidem
2924 4367 3229 4462 antiquo
3251 4368 3615 4465 sanguine
3647 4369 3831 4444 Dar·-

1487 4491 1657 4566 dani
1705 4509 2130 4586 generosuS‚
2173 4508 2407 4563 uxore
2458 4487 2649 4577 felix,
2692 4487 2899 4582 prole
2948 4486 3300 4584 inelytu83
3352 4507 3523 4565 nam
3558 4507 3655 4563 ex
3690 4488 3833 4564 He-

1489 4611 1680 4686 cuba
1730 4611 1986 4686 decem
2039 4627 2307 4684 novem
2360 4607 2547 4682 filios
2610 4607 3001 4700 utriusque
3064 4627 3289 4685 sexus
3348 4609 3691 4704 suscepit,
3740 4628 3831 4684 ex

1497 4730 1920 4806 concubinis
1973 4729 2264 4826 triginta
2318 4750 2593 4823 unum„
2618 4748 2849 4824 regno
2888 4728 3441 4824 opulentissimo
3472 4730 3723 4804 clarus
3756 4735 3835 4804 ut

1495 4851 1808 4926 Hesione
1841 4849 2114 4924 sororis
2145 4849 2467 4924 dedecus
2498 4849 2831 4924 aboleret
2854 4838 2955 4941 (³),
2982 4848 3255 4922 Helena
3292 4855 3499 4944 rapta
3534 4869 3668 4944 per
3698 4850 3837 4924 Pa-

1621 5103 1675 5166 (·)
1709 5101 1770 5152 Ε.
1803 5101 2010 5152 dicitur.
2207 5101 2261 5164 (²)
2296 5103 2357 5153 E.
2388 5101 2627 5166 equitum
2659 5101 2935 5154 duodecim
2966 5100 3147 5154 millia.
3338 5099 3395 5164 (⁸)
3424 5099 3489 5152 Β.
3520 5099 3835 5155 aboleretur.
