4392 6850
1488 977 1582 1042 42
2210 989 2619 1045 coMENTUM
2670 992 3113 1046 PURGA'ronu

1486 1154 1567 1208 se
1615 1133 1709 1208 ad
1763 1139 2083 1228 terram3
2136 1135 2236 1208 ita
2286 1142 2506 1209 autor
2556 1136 2681 1230 qui
2735 1136 3017 1229 primus
3046 1131 3119 1229 (¹)
3174 1144 3337 1212 erat
3388 1144 3604 1212 natus
3648 1137 3836 1214 inter

1488 1266 1774 1332 montes
1815 1263 1888 1331 et
1921 1277 2099 1332 saxa
2141 1255 2346 1330 velut
2386 1277 2707 1350 quercus
2738 1259 2909 1350 alta,
2942 1258 3133 1332 dura
3182 1265 3255 1332 et
3302 1258 3601 1354 nodosa,
3639 1279 3837 1334 nunc

1487 1376 1720 1451 induit
1768 1377 2284 1470 humilitatem,
2338 1383 2413 1450 et
2461 1377 2657 1452 dedit
2709 1387 2915 1474 terga
2980 1385 3235 1452 contra
3288 1378 3643 1474 impetum
3703 1379 3835 1452 ad-

1421 1477 1426 1486 ’
1486 1518 1900 1592 versorum,
1942 1503 2017 1572 et
2067 1497 2267 1572 venit
2324 1497 2416 1572 ad
2476 1499 2949 1572 habitandum
3002 1501 3249 1574 locum
3304 1500 3629 1594 planum,
3694 1501 3835 1574 sci-

1485 1618 1653 1693 licet
1703 1619 2153 1712 Ravennam,
2194 1617 2542 1693 recedens
2576 1639 2619 1692 a
2657 1625 2875 1715 gente
2908 1621 3227 1715 superba
3268 1641 3605 1715 suorum,
3644 1621 3833 1694 sicut

1473 1739 1632 1834 ,iam
1687 1738 1952 1814 totiens
1987 1739 2138 1834 ipse
2177 1738 2378 1812 dixit.
2414 1739 2504 1812 Et
2535 1739 2660 1812 dat
2692 1739 3099 1814 secundum
3132 1732 3207 1833 (²)
3240 1741 3603 1836 optimum
3640 1762 3831 1836 prae-

1483 1867 1808 1955 ceptum,
1857 1859 2150 1934 dicens:
2205 1882 2244 1931 e
2290 1861 2412 1932 che
2454 1862 2558 1951 qli
2604 1862 2750 1932 lavi
2794 1862 2850 1933 il
2888 1863 3060 1951 vise,
3097 1860 3300 1954 idest,
3338 1861 3597 1936 faciem
3642 1861 3825 1957 eius,

1480 1973 1542 2054 si
1589 1983 1648 2053 c’
1672 2001 1854 2072 oyne
1893 1983 2281 2053 succidume
2332 1983 2574 2072 quindi
2618 1983 2877 2071 stinya,
2928 1981 3131 2075 idest,
3186 1988 3269 2054 ut
3318 1981 3707 2078 extinguas
3756 1989 3829 2078 et

1477 2121 1846 2198 expurges
1897 2102 1992 2176 ab
2043 2121 2134 2175 eo
2183 2121 2483 2175 omnem
2539 2102 2831 2176 sordem
2886 2101 3256 2175 vitiorum.
3302 2102 3581 2176 Dicitur
3630 2103 3823 2177 enim

1472 2221 1909 2296 sucidumen
1936 2243 1982 2295 a
2009 2243 2213 2316 sum,
2244 2228 2318 2295 et
2352 2221 2674 2316 assignat
2706 2241 3007 2295 causam
3046 2221 3265 2294 huius
3298 2221 3593 2296 dicens:
3630 2223 3824 2316 quod

1472 2363 1620 2416 non
1672 2349 1864 2417 esset
1897 2343 2341 2418 conveniens
2392 2341 2591 2434 quod
2625 2341 2825 2414 visus
2858 2341 3173 2414 foedatus
3216 2340 3403 2414 vitiis
3442 2341 3827 2416 accederet

1471 2463 1566 2537 ad
1624 2470 2098 2559 conspectum
2158 2462 2412 2558 Angeli
2476 2461 2760 2535 Domini
2779 2485 2797 2555 3
2861 2460 3057 2534 unde
3106 2459 3321 2534 dicit:
3382 2457 3507 2534 che*
3557 2482 3703 2534 non
3764 2465 3829 2535 si

1473 2586 1846 2657 converria
1897 2587 1942 2656 l'
1968 2587 2203 2656 occhio
2252 2586 2573 2676 sorpriso
2625 2585 2695 2654 d'
2722 2585 2979 2654 alcuna
3030 2582 3301 2670 nebbia,
3355 2580 3561 2674 idest,
3612 2581 3823 2658 intel-

1475 2707 1747 2781 lectum
1803 2705 2168 2780 fuscatum
2204 2704 2451 2798 aliqua
2494 2703 2787 2777 macula
2829 2703 3199 2796 vitiorum,
3244 2705 3483 2775 andar
3532 2705 3827 2776 dinanzi

1475 2830 1554 2900 al
1590 2831 1828 2920 primo
1879 2829 2225 2915 mim‘strO,
2277 2823 2481 2918 idest,
2532 2823 2623 2897 ad
2679 2822 3137 2918 praesentiam
3191 2823 3411 2918 primi
3474 2821 3821 2915 officialiS,

1472 2944 1658 3022 clt'e'e
1682 2949 1758 3020 di
1788 2948 1946 3038 quei
1977 2949 2052 3018 di
2070 2947 2450 3038 paradiw,
2477 2943 2651 3038 quia
2686 2963 2881 3016 unus
2916 2941 3236 3038 Angelus
3262 2941 3465 3016 sedet
3498 2963 3719 3036 supra
3742 2933 3819 3034 (³)

1470 3075 1678 3162 porta
1733 3067 1887 3140 veri
1953 3064 2382 3161 purgatorii,
2446 3069 2701 3137 tenens
2769 3063 3036 3152 claveS‚
3106 3061 3375 3157 quibus
3423 3062 3696 3137 claudit
3744 3070 3818 3135 et

1463 3187 1700 3283 aperit
1751 3193 2036 3281 portam
2091 3185 2469 3259 fortiorem
2526 3205 2749 3277 quam
2804 3183 2937 3257 ista
2990 3184 3103 3277 sit,
3159 3183 3281 3257 ubi
3338 3190 3481 3257 stat
3530 3185 3709 3258 Cato
3745 3183 3817 3255 in

1465 3307 1766 3380 introitu
1819 3304 2401 3400 antipurgatorii.
2446 3303 2575 3377 Hic
2610 3309 2860 3377 autem
2897 3305 3219 3400 Angelus
3262 3303 3533 3399 figurat
3566 3323 3816 3377 sacer-

1464 3428 1710 3502 dotem
1764 3426 1856 3501 de
1909 3446 2058 3518 quo
2108 3425 2395 3499 dicetur
2445 3426 2656 3518 plene
2710 3445 2904 3498 nono
2940 3426 3279 3519 capitulo,
3319 3425 3459 3499 Sed
3500 3424 3615 3498 hic
3666 3423 3815 3498 ori-

1467 3556 1590 3621 tur
1642 3568 1789 3621 una
1841 3545 2232 3624 dubitatio:
2287 3543 2577 3619 videtur
2618 3544 2814 3617 enim
2853 3545 3048 3640 quod
3086 3552 3299 3639 poeta
3336 3544 3465 3618 sibi
3516 3550 3811 3619 contra-

1465 3667 1678 3761 dicat,
1732 3666 1903 3759 quia
1956 3666 2028 3738 in
2077 3663 2424 3759 praedicto
2458 3664 2778 3758 capitulo
2830 3665 3054 3759 finget
3094 3664 3293 3759 quod
3327 3664 3463 3738 iste
3495 3665 3813 3761 Angelus

1465 3787 1832 3883 insignivit
1881 3784 2015 3859 sibi
2080 3790 2360 3877 septem
2411 3785 2489 3878 P,
2544 3784 2723 3859 idest
2786 3791 3063 3880 septem
3129 3792 3425 3879 peccata
3481 3784 3817 3858 mortalia

1466 3908 1540 3981 in
1590 3907 1851 4002 fronte,
1903 3927 2073 4001 quae
2124 3913 2376 4001 postea
2428 3908 2579 4002 ipse
2630 3908 3050 4003 singulatim
3107 3910 3449 4005 purgabit
3500 3930 3633 4003 per
3668 3910 3815 3981 sin-

1463 4028 1680 4125 gulos
1747 4012 2080 4101 circulos,
2148 4027 2536 4114 Quomodo
2600 4048 2783 4123 ergo
2839 4028 2958 4101 hic
3018 4030 3437 4125 praecipitur
3486 4030 3719 4104 lavari
3766 4051 3813 4104 a

1464 4147 1763 4244 Virgilio
1827 4153 1909 4221 ut
1969 4148 2271 4222 accedat
2343 4154 2704 4244 purgatus
2760 4148 2851 4222 ad
2917 4150 3338 4245 Angelum?
3405 4149 3808 4223 Dicendum

1460 4268 1786 4344 breviter
1837 4267 2033 4362 quod
2097 4274 2313 4362 poeta
2363 4267 2555 4341 bene
2606 4274 2677 4342 et
2730 4268 3090 4344 subtiliter
3150 4270 3287 4344 hoc
3348 4270 3583 4366 fingit;
3638 4290 3807 4343 nam

1460 4409 1594 4485 per
1643 4391 1782 4463 hoc
1831 4388 1955 4462 dat
2005 4388 2305 4485 intelligi
2359 4388 2558 4483 quod
2597 4390 2821 4463 homo
2862 4390 3220 4464 contritus
3254 4390 3346 4464 de
3397 4390 3626 4485 culpis
3662 4390 3813 4463 suis

1458 4510 1533 4584 in
1581 4510 1830 4583 animo
1865 4530 2023 4603 su0‚
2067 4498 2313 4583 statim
2364 4515 2476 4584 est
2540 4510 2920 4585 absolutus
2981 4510 3051 4582 in
3106 4517 3498 4606 conspectu
3556 4510 3809 4585 aeterni

1457 4629 1763 4724 Judicis3
1816 4637 1890 4704 et
1939 4637 2189 4704 tamen
2242 4630 2300 4703 si
2355 4630 2573 4704 habet
2625 4636 2915 4724 tempus
2958 4635 3031 4703 et
3065 4630 3310 4704 locum
3347 4630 3565 4705 debet
3598 4650 3810 4705 acce-

1457 4748 1636 4823 dere
1682 4748 1776 4824 ad
1827 4750 2284 4824 sacerdotem
2336 4749 2429 4823 ad
2480 4749 3007 4824 consessionem
3072 4750 3475 4824 faciendam
3530 4757 3604 4825 et
3654 4772 3812 4845 poe-

1461 4868 1837 4943 nitentiam
1907 4870 2435 4965 suscipiendam
2477 4858 2593 4961 (⁴):
2648 4869 2811 4943 ideo
2874 4869 3053 4943 dixit
3116 4870 3443 4945 Christus
3514 4856 3809 4966 leprosis

1583 5056 1641 5119 (’)
1674 5056 1724 5106 S.
1757 5069 1790 5106 e
1821 5057 1883 5106 E.
1917 5058 2078 5121 prius.
2796 5056 2852 5119 (³)
2885 5058 2946 5108 E.
2979 5059 3265 5109 secundum
3298 5064 3635 5121 praeceptum.

1587 5130 1641 5195 (⁸)
1674 5132 1904 5197 E.super
1920 5140 2123 5197 portam
2143 5134 2254 5185 veri
2270 5134 2488 5198 paradisi
2504 5138 2700 5184 tenens.
2795 5133 2849 5197 (⁸)
2883 5139 2975 5186 11⁷
2990 5149 3021 5187 e
3042 5136 3103 5187 E.
3120 5135 3389 5186 humiliter
3410 5136 3811 5199 suscipiendam.
