4392 6850
1472 848 1614 914 512
2186 854 2596 911 COMENTUM
2647 856 3085 911 PURGAToRn

1467 1002 1893 1099 recognovit
1912 993 1987 1095 (⁴)
2027 1021 2362 1076 errorem
2409 1020 2656 1097 suum,
2690 1000 2976 1075 dicens:
3022 1004 3127 1072 La
3176 1002 3322 1075 mia
3367 1004 3810 1094 conver-sion,

1466 1122 1760 1217 scilicet,
1794 1122 1887 1195 ad
1921 1122 2183 1215 Deum,
2219 1112 2421 1214 οἰηιέ,
2473 1122 2620 1195 heu
2661 1120 2871 1195 mihi!
2921 1120 3194 1195 damno
3227 1142 3423 1216 mee,
3449 1126 3534 1217 su
3567 1125 3811 1215 tarda,

1464 1243 1637 1339 quia
1688 1243 1928 1317 solum
1980 1242 2173 1316 circa
2228 1241 2490 1335 finem3
2543 1239 2740 1315 unde
2787 1240 2996 1314 dicit:
3050 1261 3197 1332 ma,
3247 1262 3439 1315 come
3481 1247 3662 1337 fatto
3703 1246 3814 1337 sm·

1461 1370 1725 1437 roman
1765 1370 2077 1456 pastore,
2115 1362 2319 1456 idest,
2353 1381 2538 1456 papa
2582 1381 2960 1455 romanuS,
2999 1354 3142 1434 cosi
3188 1366 3498 1455 scopersi
3544 1365 3618 1435 la
3667 1366 3812 1436 vita

1462 1487 1838 1577 buyiarda,
1893 1483 2064 1579 quia
2114 1482 2421 1557 avaritia
2483 1482 2799 1557 mendax
2860 1482 3214 1576 promittit
3271 1483 3545 1557 homini
3597 1484 3808 1559 suffi-

1462 1607 1826 1700 cientiam,
1860 1612 1935 1679 et
1968 1594 2354 1699 praestat(²)
2390 1601 2522 1676 sibi
2558 1602 3050 1698 indigentiam.
3088 1604 3175 1677 Et
3212 1604 3443 1700 tangit
3475 1625 3802 1699 causam,

1465 1748 1699 1822 quare
1748 1726 2022 1801 detexit
2070 1724 2298 1800 vitam
2352 1724 2680 1798 fallacem
2735 1724 2808 1795 in
2859 1730 3153 1819 papatu,
3196 1725 3370 1818 quia
3420 1726 3620 1800 venit
3669 1726 3803 1800 sibi

1459 1849 1534 1923 in
1587 1854 1953 1923 mentem:
2005 1847 2193 1920 Ecce
2237 1844 2410 1939 quid
2446 1844 2732 1939 petisti?
2771 1849 2877 1917 tot
2926 1844 3320 1939 laboribuS,
3367 1852 3474 1921 tot
3522 1846 3803 1921 viribus

1459 1970 1741 2045 cunctis
1792 1967 2046 2043 diebus
2106 1967 2274 2040 vitae
2335 1972 2506 2060 tuae,
2559 1964 2858 2039 studens
2921 1984 3216 2060 semper
3272 1965 3665 2062 cupiditati,
3717 1973 3803 2041 ut

1459 2088 1884 2184 pervenires
1932 2087 2026 2162 ad
2078 2086 2299 2161 istum
2351 2105 2696 2159 amarum
2738 2084 3111 2181 gradum?
3151 2085 3337 2161 Dicit
3375 2105 3596 2183 ergo:
3654 2088 3805 2159 Vidi

1456 2212 1577 2283 clce
1625 2200 1699 2300 li,
1752 2209 1955 2302 idest,
2006 2207 2081 2279 in
2130 2212 2331 2280 tanta
2383 2205 2783 2300 altitudine,
2837 2227 2978 2279 non
3037 2210 3103 2278 si
3162 2214 3458 2297 quemva
3502 2211 3560 2281 il
3606 2230 3795 2299 core,

1458 2330 1647 2403 sicut
1696 2329 1875 2402 salso
1926 2346 2422 2423 speraveram,
2457 2320 2550 2399 ne*
2567 2322 2692 2419 piit
2723 2329 2904 2400 satir
2927 2330 3201 2420 pomasi
3245 2331 3322 2401 in
3372 2332 3598 2421 quella
3631 2332 3800 2421 vita,

1456 2451 1660 2545 idest,
1698 2470 1843 2523 non
1896 2455 2228 2544 poteram
2262 2447 2650 2542 pervenire
2681 2447 2774 2521 ad
2809 2448 3144 2523 altiorem
3199 2450 3514 2545 gradum
3568 2450 3804 2546 digni-

1460 2572 1624 2651 tatis
1674 2572 1747 2645 in
1798 2570 1947 2645 vita
1998 2568 2403 2664 temporali.
2459 2569 2547 2642 Et
2596 2569 2713 2642 hic
2763 2576 2960 2663 nota,
2997 2569 3197 2663 quod
3228 2570 3589 2643 Adrianus
3632 2570 3800 2647 fecit

1456 2691 1809 2788 optimam
1865 2689 2244 2764 rationem.
2283 2688 2416 2763 Cui
2469 2689 2666 2763 enim
2721 2689 2877 2785 regi
2930 2690 3044 2765 vel
3085 2688 3388 2786 principi
3439 2696 3547 2765 est
3597 2696 3798 2765 tanta

1456 2811 1768 2908 dignitas
1802 2810 1917 2884 vel
1952 2812 2319 2904 potestas?
2353 2808 2614 2883 Caeteri
2647 2807 2919 2884 habent
2955 2828 3218 2906 regere
3253 2810 3628 2905 mortalia3
3679 2810 3798 2884 hic

1456 2929 1857 3028 spiritualia
1898 2928 2365 3025 gubernare:
2403 2928 2522 3001 alii
2565 2928 2834 3002 habent
2884 2928 3463 3024 praeminentiam
3515 2931 3611 3005 ab
3661 2932 3798 3005 ho-

1457 3053 1677 3146 mine,
1730 3050 1845 3125 hic
1894 3049 1989 3124 ab
2037 3055 2318 3123 aeterna
2367 3047 2716 3143 sapientia
2768 3048 2947 3123 Dei:
2995 3047 3115 3122 alii
3167 3048 3589 3123 facultatem
3642 3055 3796 3125 ter-

1454 3192 1831 3260 renorum,
1869 3169 1984 3243 hic
2034 3168 2258 3242 habet
2304 3166 2715 3242 libertatem
2771 3173 3247 3263 aeternorum,
3283 3168 3534 3264 immo,
3571 3176 3654 3243 ut
3686 3170 3798 3244 di-

1449 3299 1651 3386 cunt,
1676 3288 2090 3365 dominator
2125 3288 2468 3361 vivorum
2505 3287 2724 3361 simul
2759 3293 2834 3362 et
2870 3293 3361 3362 mortuorum.
3388 3288 3576 3363 Nihil
3613 3310 3798 3386 ergo

1447 3411 1688 3488 maius
1740 3417 1850 3485 est
1899 3407 2018 3485 vel
2068 3429 2230 3483 esse
2278 3412 2516 3503 potest
2566 3406 2640 3481 in
2690 3406 2874 3482 orbe
2922 3408 3340 3501 christiano,
3373 3407 3541 3484 licet
3579 3408 3797 3484 hodie

1444 3555 1711 3630 parum
1766 3528 2421 3626 magnipendatur3
2461 3529 2626 3604 ideo
2661 3529 2850 3604 bene
2891 3529 3100 3604 dicit:
3127 3526 3388 3622 perche*
3415 3532 3492 3603 di
3522 3536 3788 3623 questa,

1447 3653 1739 3747 scilicet,
1791 3651 1938 3726 vita
1988 3657 2292 3743 aeterna,
2343 3669 2478 3744 pro
2543 3669 2694 3744 qua
2751 3649 3084 3725 habenda
3135 3651 3250 3725 hic
3301 3671 3583 3746 purgor
3630 3651 3789 3744 plo-

1448 3774 1701 3867 rando,
1751 3776 1825 3845 in
1875 3791 1983 3843 me
2029 3773 2087 3842 ε’
2112 3791 2347 3843 accese
2393 3790 2660 3842 amore.
2715 3769 2803 3842 Et
2845 3769 2962 3844 hic
3002 3769 3244 3844 subdit
3283 3769 3518 3864 qualis
3570 3769 3793 3844 fuerit

1444 3901 1619 3971 ante
1669 3892 1845 3967 illud
1896 3897 2186 3986 tempus
2226 3889 2512 3964 dicens:
2542 3891 2691 3982 fino
2739 3911 2789 3962 α
2839 3893 2996 3981 quel
3034 3896 3277 3982 panta,
3313 3889 3790 3984 promotionis

1446 4015 1814 4108 maximae,
1840 4014 1953 4107 sui
1997 4012 2241 4085 anima
2291 4013 2552 4082 misera
2601 4031 2638 4082 e
2679 4013 2952 4102 partita
3000 4012 3097 4082 da
3130 4011 3289 4082 Dio.
3327 4009 3414 4082 Et
3447 4009 3562 4083 hic
3613 4015 3788 4083 nota

1446 4136 1641 4231 quod
1694 4133 2055 4209 Adrianus
2107 4151 2372 4205 verum
2409 4129 2619 4224 dicit,
2657 4129 3006 4223 quoniam
3039 4127 3346 4203 avaritia
3386 4133 3786 4204 sectatoroe

1440 4277 1616 4331 suos
1664 4276 1710 4330 a
1760 4251 2126 4328 consortio
2174 4248 2568 4326 divinitatis
2615 4259 2690 4324 et
2717 4239 2791 4341 (³)
2841 4269 2984 4322 usu
3033 4247 3347 4322 coelaetis
3397 4247 3787 4322 beatitudi-

1442 4377 1555 4452 nis
1609 4379 1943 4451 removet
1978 4379 2053 4448 et
2085 4373 2418 4468 elongat3
2455 4391 2592 4444 nec
2627 4375 2864 4465 potest
2895 4389 3166 4443 avarus
3200 4367 3359 4442 fieri
3394 4368 3540 4442 voti
3579 4387 3799 4442 com-.

1437 4519 1593 4594 pOS,
1642 4497 1833 4572 sicut
1881 4492 2142 4569 accidit
2195 4491 2318 4566 uni
2371 4489 2688 4565 consorti
2725 4488 2931 4564 istius
2963 4488 3280 4563 Adriani.
3324 4489 3507 4563 Nam
3548 4487 3786 4563 domi-

1440 4639 1580 4693 nus
1613 4613 2023 4713 principalis
2056 4612 2148 4687 de
2182 4610 2411 4688 Flisco
2451 4609 2845 4684 ditissimus
2885 4609 3325 4684 clericorum
3367 4607 3782 4702 impetravit

1441 4737 1874 4813 vicariatum
1910 4732 2192 4828 imperii
2227 4753 2274 4807 a
2306 4729 2713 4826 Rodulpho,
2749 4751 2843 4804 ex
2883 4749 3034 4825 quo
3075 4729 3613 4824 depauperatus
3647 4734 3778 4802 est.

1570 4999 1623 5063 (¹)
1653 4999 1717 5050 E.
1748 4997 2126 5062 recognoverit.
2377 4992 2434 5060 (⁸)
2465 4994 2527 5045 E.
2560 4997 2723 5058 parnt.
2969 4991 3024 5054 (⁸)
3059 4991 3120 5042 E.
3153 4995 3208 5042 et
3237 4989 3350 5042 visu
3383 4987 3618 5040 coelestis.
