4392 6850
1422 759 1703 816 currus
1751 761 2156 816 vlozsmus.
2821 746 2964 815 523

614 902 1190 977 substentatione
1241 900 1430 998 vitae,
1471 906 1760 980 occulte
1808 904 1903 980 de
1953 910 2167 979 nocte
2218 905 2522 1000 proiecit
2569 925 2706 1001 per
2754 904 2964 979 fene-

615 1027 845 1098 stram
898 1043 1217 1099 massam
1270 1024 1434 1098 auri
1485 1024 1891 1100 involutam
1946 1025 2183 1121 pallio,
2237 1046 2332 1101 ex
2385 1046 2535 1120 quo
2585 1026 2963 1121 primoge-

614 1143 765 1218 nita
817 1146 1153 1219 maritata
1206 1151 1355 1240 est3
1407 1146 1568 1241 post
1620 1153 1909 1241 tempus
1968 1146 2256 1242 iterato,
2325 1152 2400 1221 et
2457 1147 2674 1221 tertio
2725 1146 2964 1220 simile

615 1264 807 1357 fecit,
840 1284 937 1339 ex
988 1285 1139 1359 quo
1190 1265 1494 1360 reliquae
1546 1272 1993 1362 nupserunt3
2030 1271 2105 1341 et
2154 1266 2426 1341 invitus
2475 1268 2810 1364 cognitus
2851 1271 2965 1342 est

615 1405 660 1458 a
711 1390 919 1481 patre
967 1385 1360 1482 virginum.
1416 1386 1601 1461 Dicit
1650 1404 1833 1483 ergo
1882 1392 2119 1483 poeta,
2166 1387 2366 1481 quod
2417 1387 2652 1461 factus
2699 1386 2962 1463 avidus

614 1504 711 1579 ad
760 1504 985 1579 verba
1035 1504 1227 1579 illius
1276 1505 1591 1600 spirituS,
1642 1506 1813 1581 fecit
1862 1527 1943 1581 se
1992 1506 2518 1601 proximiorem
2568 1507 2708 1600 illi;
2763 1506 2962 1583 unde

612 1625 825 1700 dicit:
877 1632 1105 1717 queste
1146 1629 1423 1719 parole,
1474 1626 1665 1701 dicta
1721 1625 1815 1701 de
1878 1646 2057 1701 vera
2108 1632 2540 1723 paupertate
2587 1629 2832 1702 Mariae
2883 1635 2961 1703 et

612 1745 944 1839 Fabricii,
997 1748 1088 1818 m'
1106 1766 1285 1819 eran
1330 1738 1393 1819 si
1430 1749 1757 1840 piaciute,
1799 1746 1973 1840 quia
2008 1753 2083 1821 et
2118 1768 2259 1843 ego
2293 1768 2574 1843 pauper
2622 1768 2830 1823 eram
2881 1754 2958 1823 et

614 1865 935 1941 liberalis
999 1865 1453 1941 considerata
1503 1865 1871 1960 facultate,
1922 1870 2027 1940 ch’
2051 1870 2121 1940 io
2182 1871 2281 1941 mi
2343 1871 2558 1941 tressi
2605 1871 2782 1942 olere
2823 1889 2958 1961 per

612 2006 787 2059 aver
835 1994 1200 2078 contezza,
1252 1986 1456 2081 idest,
1512 1986 2075 2062 familiaritatem
2110 1994 2186 2062 et
2221 1988 2573 2083 notitiam,
2609 1992 2686 2063 di
2733 1992 2958 2081 quello

608 2108 858 2198 spe-co,
907 2109 1089 2179 onde
1130 2127 1414 2200 parcan
1464 2114 1727 2198 venuce,
1780 2126 2004 2201 quem
2072 2126 2220 2181 non
2281 2114 2616 2203 poteram
2681 2108 2956 2203 videre,

610 2225 785 2320 quia
836 2226 1153 2301 habebat
1210 2248 1295 2301 os
1356 2227 1450 2301 ad
1512 2232 1814 2301 terram.
1868 2226 1956 2299 Et
2005 2246 2179 2301 ecce
2231 2226 2404 2321 quid
2457 2227 2766 2302 ulterius
2816 2249 2967 2303 au-.

610 2343 798 2420 divi:
851 2365 1029 2437 esso,
1082 2346 1371 2441 scilicet,
1409 2346 1648 2445 Hugo,
1671 2350 1988 2439 parlava
2030 2368 2260 2420 ancor-
2306 2350 2490 2421 della
2540 2351 2953 2441 larykezza,

615 2484 791 2539 vere
843 2450 999 2540 haec
1048 2466 1441 2542 liberalitas
1491 2467 1707 2565 digna
1759 2467 1894 2542 ruit
1945 2473 2093 2542 tam
2148 2467 2449 2565 egregio
2499 2467 2793 2564 spiritu3
2828 2470 2956 2543 Ni-

614 2587 865 2661 colaus
900 2586 1095 2661 enim
1137 2608 1438 2684 gemma
1470 2588 1964 2683 sacerdotum,
1999 2592 2171 2663 ante
2206 2589 2694 2665 sanctificatus
2728 2610 2956 2683 quam

615 2713 854 2800 natuS,
908 2712 991 2780 ut
1038 2707 1140 2781 ait
1189 2709 1639 2805 PolycratuS,
1674 2711 1795 2781 che
1824 2712 1973 2803 fece
2022 2712 2340 2802 Νἰοοὶαο,
2377 2730 2782 2784 consonum
2821 2730 2959 2785 no-

615 2826 1214 2921 men3'Nicolaus
1265 2828 1459 2902 enim
1515 2826 1802 2904 virtutis
1853 2829 2015 2903 laus
2066 2830 2184 2904 vel
2233 2830 2466 2925 gloria
2517 2829 2958 2925 interpreta-

611 2952 759 3041 tur,
812 2967 861 3018 a
909 2949 973 3019 le
1008 2950 1323 3040 pulc-elle,
1379 2948 1611 3039 tri-bus
1639 2942 1711 3041 (⁴)
1768 2948 2194 3045 virginibuS,
2245 2971 2380 3041 per
2441 2952 2795 3023 condurre
2853 2953 2956 3023 ad

612 3089 797 3142 onor
844 3072 959 3142 lor
1007 3070 1451 3160 qiovinezza,
1502 3090 1649 3143 non
1698 3076 1783 3142 ut
1836 3070 2193 3164 potiretur
2246 3068 2370 3144 eis,

768 3194 830 3263 O
880 3194 1141 3263 anima.
1194 3189 1337 3264 Ista
1388 3194 1497 3264 est
1545 3189 1865 3264 secunda
1916 3211 2087 3284 pars
2134 3190 2500 3285 generalis
2556 3190 2776 3264 huius
2829 3210 2957 3265 ca-

612 3310 839 3405 pituli,
878 3309 952 3384 in
1002 3331 1149 3405 qua
1201 3317 1416 3406 poeta
1452 3309 1844 3385 introducit
1877 3309 2262 3405 praefatum
2309 3310 2644 3406 spiritum
2681 3310 2774 3386 ad
2809 3312 2962 3387 col-

612 3431 947 3526 loquium
1007 3451 1284 3525 secum,
1354 3431 1478 3526 qui
1543 3432 1773 3505 multa
1846 3433 2039 3505 mala
2106 3436 2645 3507 commemorat
2707 3433 2822 3506 sui
2885 3439 2961 3508 et

612 3571 921 3626 suorum
975 3551 1161 3626 facta
1233 3572 1365 3646 per
1426 3551 1837 3627 avaritiam.
1892 3552 2073 3626 Dicit
2121 3572 2343 3648 ergo:
2395 3555 2602 3644 dissi,
2663 3554 2958 3647 scilicet,

610 3691 753 3769 ego
805 3672 1072 3747 Dantes
1124 3672 1607 3747 exordiendo:
1670 3677 1732 3746 O
1780 3676 2022 3746 anima
2069 3674 2189 3745 elce
2253 3679 2444 3746 tanto
2503 3674 2632 3746 ben
2673 3677 2955 3768 favelle,

610 3791 703 3867 de
752 3797 1184 3888 paupertate
1241 3797 1317 3867 et
1377 3793 1713 3890 largitate
1777 3799 2031 3867 contra
2091 3793 2503 3887 avaritiam,
2554 3796 2798 3867 dimmi
2845 3797 2955 3868 clai

603 3916 792 4007 sosii,
843 3912 919 3986 in
969 3913 1205 4008 prima
1257 3913 1427 4007 vita,
1462 3935 1501 3985 e
1531 3907 1792 4005 perche*
1815 3916 1997 4004 sola,
2034 3914 2107 3986 in
2148 3918 2352 3988 tanta
2388 3913 2852 3988 multitudine
2873 3906 2952 4006 (²)

609 4053 1037 4127 avarorum,
1074 4041 1145 4108 tu
1183 4034 1540 4123 rinovelle,
1585 4021 1789 4126 idest,
1830 4052 2192 4124 renai-rae,
2229 4040 2456 4125 queste
2488 4035 2712 4124 deque
2744 4036 2956 4107 lode?

610 4153 701 4228 Et
748 4153 851 4227 sic
900 4153 1080 4248 petit
1118 4153 1305 4228 duo:
1340 4159 1413 4227 et
1448 4157 1532 4226 ut
1566 4149 1841 4226 facilius
1878 4159 2376 4246 consequatur
2407 4143 2480 4245 (³)
2519 4152 2716 4246 quod
2753 4152 2954 4247 petit,

611 4272 967 4368 promittit
1016 4272 1147 4346 sibi
1198 4273 1614 4368 pr'aemium,
1665 4271 1951 4346 dicens:
2003 4293 2149 4345 non
2192 4276 2298 4365 fia
2344 4291 2562 4346 senza
2612 4270 2842 4347 merce*
2885 4277 2961 4348 la

610 4401 731 4468 tua
752 4396 1049 4487 parole,
1086 4392 1259 4487 quia
1294 4393 1460 4469 licet
1491 4391 1810 4466 dimittas
1846 4392 2218 4467 modicum
2264 4393 2634 4488 planctum
2671 4398 2748 4467 et
2780 4413 2959 4468 can-

608 4520 770 4587 tum
827 4520 1126 4610 propter
1176 4535 1320 4608 me,
1374 4515 1649 4615 rogabo
1700 4515 1935 4588 Deum
1990 4533 2125 4609 pro
2160 4520 2260 4607 te,
2299 4515 2414 4590 vel
2451 4513 2642 4588 dabo
2686 4513 2813 4588 tibi
2848 4514 2958 4589 sa-

775 4744 791 4799 )
824 4741 885 4790 E.
918 4741 1119 4792 scilicet
1150 4741 1331 4792 tribus.

777 4821 792 4876 )
824 4817 887 4866 E.
920 4817 973 4866 in
1006 4821 1145 4866 unu
1176 4816 1519 4869 multitudinis
1548 4829 1825 4867 avarorum
1857 4817 2219 4868 amaritudine.

775 4895 793 4955 )

737 4741 771 4802 (1

736 4815 774 4876 (8

738 4891 777 4954 (⁸
824 4895 933 4953 11⁷,
967 4898 1215 4957 sequatur
1243 4894 1375 4945 illud
1407 4894 1547 4958 quod
1578 4893 1721 4958 peut,
1756 4894 2013 4956 promittit
2040 4893 2155 4947 sibi.
