<?xml version="1.0" encoding="UTF-8"?>
<!DOCTYPE html PUBLIC "-//W3C//DTD XHTML 1.0 Transitional//EN"
    "http://www.w3.org/TR/xhtml1/DTD/xhtml1-transitional.dtd">
<html xmlns="http://www.w3.org/1999/xhtml" xml:lang="en" lang="en">
 <head>
  <title>
</title>
<meta http-equiv="Content-Type" content="text/html;charset=utf-8" />
  <meta name='ocr-system' content='tesseract 3.04.00' />
  <meta name='ocr-capabilities' content='ocr_page ocr_carea ocr_par ocr_line ocrx_word'/>
</head>
<body>
  <div class='ocr_page' id='page_1' title='image "./comentumsuperda02unkngoog_0275.png"; bbox 0 0 4392 6850; ppageno 0'>
   <div class='ocr_carea' id='block_1_1' title="bbox 1461 965 2921 1034">
    <p class='ocr_par' dir='ltr' id='par_1_1' title="bbox 1461 965 2921 1034">
     <span class='ocr_line' id='line_1_1' title="bbox 1461 965 2921 1034; baseline 0.003 -4"><span class='ocrx_word' id='word_1_1' title='bbox 1461 975 1740 1032; x_wconf 77' lang='lat' dir='ltr'>CANTUS</span> <span class='ocrx_word' id='word_1_2' title='bbox 1787 975 2046 1030; x_wconf 66' lang='lat' dir='ltr'><strong>Nouos.</strong></span> <span class='ocrx_word' id='word_1_3' title='bbox 2780 965 2921 1034; x_wconf 83' lang='lat'><strong>263</strong></span> 
     </span>
    </p>
   </div>
   <div class='ocr_carea' id='block_1_2' title="bbox 547 1121 2982 4946">
    <p class='ocr_par' dir='ltr' id='par_1_2' title="bbox 579 1121 2925 1336">
     <span class='ocr_line' id='line_1_2' title="bbox 579 1121 2925 1219; baseline 0.001 -20"><span class='ocrx_word' id='word_1_4' title='bbox 579 1123 673 1199; x_wconf 89' lang='lat' dir='ltr'><strong>ab</strong></span> <span class='ocrx_word' id='word_1_5' title='bbox 702 1123 908 1198; x_wconf 89' lang='lat' dir='ltr'><strong>omni</strong></span> <span class='ocrx_word' id='word_1_6' title='bbox 940 1122 1206 1218; x_wconf 90' lang='lat' dir='ltr'><strong>dubio;</strong></span> <span class='ocrx_word' id='word_1_7' title='bbox 1247 1129 1316 1196; x_wconf 79' lang='lat' dir='ltr'><strong>et</strong></span> <span class='ocrx_word' id='word_1_8' title='bbox 1349 1125 1420 1196; x_wconf 81' lang='lat' dir='ltr'><strong>io</strong></span> <span class='ocrx_word' id='word_1_9' title='bbox 1460 1124 1754 1215; x_wconf 77' lang='lat' dir='ltr'><strong>diretrO,</strong></span> <span class='ocrx_word' id='word_1_10' title='bbox 1787 1121 2067 1218; x_wconf 82' lang='lat' dir='ltr'><strong>supple,</strong></span> <span class='ocrx_word' id='word_1_11' title='bbox 2103 1122 2301 1197; x_wconf 90' lang='lat' dir='ltr'><strong>movi</strong></span> <span class='ocrx_word' id='word_1_12' title='bbox 2340 1144 2485 1219; x_wconf 88' lang='lat' dir='ltr'><strong>me,</strong></span> <span class='ocrx_word' id='word_1_13' title='bbox 2521 1127 2724 1198; x_wconf 78' lang='lat' dir='ltr'><strong>iuver</strong></span> <span class='ocrx_word' id='word_1_14' title='bbox 2757 1129 2925 1201; x_wconf 69' lang='lat' dir='ltr'><strong>Cal-</strong></span> 
     </span>
     <span class='ocr_line' id='line_1_3' title="bbox 581 1244 1518 1336; baseline -0.004 -18"><span class='ocrx_word' id='word_1_15' title='bbox 581 1251 771 1336; x_wconf 78' lang='lat' dir='ltr'><strong>tura,</strong></span> <span class='ocrx_word' id='word_1_16' title='bbox 821 1244 1016 1318; x_wconf 91' lang='lat' dir='ltr'><strong>illius</strong></span> <span class='ocrx_word' id='word_1_17' title='bbox 1063 1245 1282 1320; x_wconf 83' lang='lat' dir='ltr'><strong>scalae</strong></span> <span class='ocrx_word' id='word_1_18' title='bbox 1328 1244 1518 1318; x_wconf 87' lang='lat' dir='ltr'><strong>altae.</strong></span> 
     </span>
    </p>

    <p class='ocr_par' dir='ltr' id='par_1_3' title="bbox 547 1362 2982 4946">
     <span class='ocr_line' id='line_1_4' title="bbox 724 1362 2927 1462; baseline 0.002 -24"><span class='ocrx_word' id='word_1_19' title='bbox 724 1369 982 1458; x_wconf 69' lang='lat' dir='ltr'><strong>Laetor,</strong></span> <span class='ocrx_word' id='word_1_20' title='bbox 1035 1372 1106 1438; x_wconf 82' lang='lat' dir='ltr'><strong>tu</strong></span> <span class='ocrx_word' id='word_1_21' title='bbox 1157 1366 1313 1438; x_wconf 81' lang='lat' dir='ltr'><strong>vedi</strong></span> <span class='ocrx_word' id='word_1_22' title='bbox 1360 1364 1507 1436; x_wconf 82' lang='lat' dir='ltr'><strong>ben.</strong></span> <span class='ocrx_word' id='word_1_23' title='bbox 1559 1362 1703 1438; x_wconf 87' lang='lat' dir='ltr'><strong>Ista</strong></span> <span class='ocrx_word' id='word_1_24' title='bbox 1753 1369 1866 1438; x_wconf 87' lang='lat' dir='ltr'><strong>est</strong></span> <span class='ocrx_word' id='word_1_25' title='bbox 1925 1362 2139 1438; x_wconf 89' lang='lat' dir='ltr'><strong>tertia</strong></span> <span class='ocrx_word' id='word_1_26' title='bbox 2185 1383 2355 1459; x_wconf 88' lang='lat' dir='ltr'><strong>pars</strong></span> <span class='ocrx_word' id='word_1_27' title='bbox 2411 1367 2797 1462; x_wconf 81' lang='lat' dir='ltr'><strong>generaliS‚</strong></span> <span class='ocrx_word' id='word_1_28' title='bbox 2850 1366 2927 1442; x_wconf 91' lang='lat' dir='ltr'><strong>in</strong></span> 
     </span>
     <span class='ocr_line' id='line_1_5' title="bbox 581 1483 2926 1582; baseline 0.002 -24"><span class='ocrx_word' id='word_1_29' title='bbox 581 1506 729 1581; x_wconf 88' lang='lat' dir='ltr'><strong>qua</strong></span> <span class='ocrx_word' id='word_1_30' title='bbox 777 1491 996 1581; x_wconf 81' lang='lat' dir='ltr'><strong>poeta</strong></span> <span class='ocrx_word' id='word_1_31' title='bbox 1045 1483 1386 1560; x_wconf 79' lang='lat' dir='ltr'><strong>describit</strong></span> <span class='ocrx_word' id='word_1_32' title='bbox 1437 1490 1723 1580; x_wconf 85' lang='lat' dir='ltr'><strong>portam</strong></span> <span class='ocrx_word' id='word_1_33' title='bbox 1767 1490 1842 1558; x_wconf 91' lang='lat' dir='ltr'><strong>et</strong></span> <span class='ocrx_word' id='word_1_34' title='bbox 1885 1483 2294 1580; x_wconf 85' lang='lat' dir='ltr'><strong>portarium</strong></span> <span class='ocrx_word' id='word_1_35' title='bbox 2347 1487 2790 1582; x_wconf 84' lang='lat' dir='ltr'><strong>purgatorii3</strong></span> <span class='ocrx_word' id='word_1_36' title='bbox 2853 1494 2926 1563; x_wconf 87' lang='lat' dir='ltr'><strong>et</strong></span> 
     </span>
     <span class='ocr_line' id='line_1_6' title="bbox 585 1603 2927 1702; baseline 0.002 -25"><span class='ocrx_word' id='word_1_37' title='bbox 585 1604 758 1700; x_wconf 88' lang='lat' dir='ltr'><strong>quia</strong></span> <span class='ocrx_word' id='word_1_38' title='bbox 799 1604 960 1701; x_wconf 85' lang='lat' dir='ltr'><strong>jam</strong></span> <span class='ocrx_word' id='word_1_39' title='bbox 995 1605 1164 1680; x_wconf 82' lang='lat' dir='ltr'><strong>fecit</strong></span> <span class='ocrx_word' id='word_1_40' title='bbox 1196 1605 1490 1700; x_wconf 88' lang='lat' dir='ltr'><strong>pulcras</strong></span> <span class='ocrx_word' id='word_1_41' title='bbox 1525 1611 1600 1680; x_wconf 89' lang='lat' dir='ltr'><strong>et</strong></span> <span class='ocrx_word' id='word_1_42' title='bbox 1631 1603 2059 1682; x_wconf 84' lang='lat' dir='ltr'><strong>artificiosas</strong></span> <span class='ocrx_word' id='word_1_43' title='bbox 2099 1604 2451 1702; x_wconf 78' lang='lat' dir='ltr'><strong>fictioneS,</strong></span> <span class='ocrx_word' id='word_1_44' title='bbox 2486 1613 2562 1681; x_wconf 90' lang='lat' dir='ltr'><strong>et</strong></span> <span class='ocrx_word' id='word_1_45' title='bbox 2595 1607 2927 1685; x_wconf 88' lang='lat' dir='ltr'><strong>facturus</strong></span> 
     </span>
     <span class='ocr_line' id='line_1_7' title="bbox 581 1717 2923 1820; baseline -0.001 -18"><span class='ocrx_word' id='word_1_46' title='bbox 581 1731 692 1802; x_wconf 84' lang='lat' dir='ltr'><strong>est</strong></span> <span class='ocrx_word' id='word_1_47' title='bbox 739 1725 920 1800; x_wconf 88' lang='lat' dir='ltr'><strong>alias</strong></span> <span class='ocrx_word' id='word_1_48' title='bbox 965 1725 1040 1799; x_wconf 90' lang='lat' dir='ltr'><strong>in</strong></span> <span class='ocrx_word' id='word_1_49' title='bbox 1091 1724 1226 1799; x_wconf 91' lang='lat' dir='ltr'><strong>ista</strong></span> <span class='ocrx_word' id='word_1_50' title='bbox 1261 1725 1596 1820; x_wconf 86' lang='lat' dir='ltr'><strong>materia,</strong></span> <span class='ocrx_word' id='word_1_51' title='bbox 1620 1717 1796 1800; x_wconf 82' lang='lat' dir='ltr'><strong>&#39;ideo</strong></span> <span class='ocrx_word' id='word_1_52' title='bbox 1844 1724 2076 1800; x_wconf 86' lang='lat' dir='ltr'><strong>reddit</strong></span> <span class='ocrx_word' id='word_1_53' title='bbox 2109 1726 2524 1802; x_wconf 82' lang='lat' dir='ltr'>auditorem</span> <span class='ocrx_word' id='word_1_54' title='bbox 2560 1733 2923 1802; x_wconf 89' lang='lat' dir='ltr'><strong>attentum</strong></span> 
     </span>
     <span class='ocr_line' id='line_1_8' title="bbox 547 1831 2928 1942; baseline -0.001 -19"><span class='ocrx_word' id='word_1_55' title='bbox 547 1831 672 1923; x_wconf 55' lang='lat' dir='ltr'><strong>&#39;ad</strong></span> <span class='ocrx_word' id='word_1_56' title='bbox 722 1844 1106 1940; x_wconf 85' lang='lat' dir='ltr'><strong>sequentia</strong></span> <span class='ocrx_word' id='word_1_57' title='bbox 1158 1844 1634 1942; x_wconf 85' lang='lat' dir='ltr'><strong>magnificans</strong></span> <span class='ocrx_word' id='word_1_58' title='bbox 1659 1837 1734 1939; x_wconf 79' lang='lat'><strong>(¹)</strong></span> <span class='ocrx_word' id='word_1_59' title='bbox 1789 1865 2216 1940; x_wconf 82' lang='lat' dir='ltr'><strong>processum</strong></span> <span class='ocrx_word' id='word_1_60' title='bbox 2270 1868 2516 1920; x_wconf 90' lang='lat' dir='ltr'><strong>suum.</strong></span> <span class='ocrx_word' id='word_1_61' title='bbox 2558 1847 2765 1922; x_wconf 83' lang='lat' dir='ltr'>Unde</span> <span class='ocrx_word' id='word_1_62' title='bbox 2816 1847 2928 1921; x_wconf 90' lang='lat' dir='ltr'><strong>di-</strong></span> 
     </span>
     <span class='ocr_line' id='line_1_9' title="bbox 581 1965 2929 2060; baseline -0 -18"><span class='ocrx_word' id='word_1_63' title='bbox 581 1967 726 2042; x_wconf 89' lang='lat' dir='ltr'><strong>cit:</strong></span> <span class='ocrx_word' id='word_1_64' title='bbox 773 1971 836 2042; x_wconf 87' lang='lat'><em>0</em></span> <span class='ocrx_word' id='word_1_65' title='bbox 885 1969 1112 2059; x_wconf 77' lang='lat' dir='ltr'><strong>lector,</strong></span> <span class='ocrx_word' id='word_1_66' title='bbox 1165 1973 1236 2040; x_wconf 75' lang='lat' dir='ltr'><strong>tu</strong></span> <span class='ocrx_word' id='word_1_67' title='bbox 1287 1968 1443 2039; x_wconf 81' lang='lat' dir='ltr'><strong>vedi</strong></span> <span class='ocrx_word' id='word_1_68' title='bbox 1491 1967 1644 2058; x_wconf 80' lang='lat' dir='ltr'><strong>ben,</strong></span> <span class='ocrx_word' id='word_1_69' title='bbox 1679 1965 1885 2060; x_wconf 86' lang='lat' dir='ltr'><strong>idest,</strong></span> <span class='ocrx_word' id='word_1_70' title='bbox 1928 1966 2233 2041; x_wconf 82' lang='lat' dir='ltr'>faciliter</span> <span class='ocrx_word' id='word_1_71' title='bbox 2285 1967 2536 2043; x_wconf 84' lang='lat' dir='ltr'><strong>videre</strong></span> <span class='ocrx_word' id='word_1_72' title='bbox 2583 1968 2804 2043; x_wconf 89' lang='lat' dir='ltr'><strong>debes</strong></span> <span class='ocrx_word' id='word_1_73' title='bbox 2855 1975 2929 2043; x_wconf 89' lang='lat' dir='ltr'><strong>et</strong></span> 
     </span>
     <span class='ocr_line' id='line_1_10' title="bbox 580 2084 2930 2182; baseline 0 -22"><span class='ocrx_word' id='word_1_74' title='bbox 580 2093 784 2182; x_wconf 79' lang='lat' dir='ltr'><strong>potes</strong></span> <span class='ocrx_word' id='word_1_75' title='bbox 835 2107 928 2160; x_wconf 89' lang='lat' dir='ltr'><strong>ex</strong></span> <span class='ocrx_word' id='word_1_76' title='bbox 969 2086 1127 2181; x_wconf 87' lang='lat' dir='ltr'><strong>jam</strong></span> <span class='ocrx_word' id='word_1_77' title='bbox 1177 2085 1408 2179; x_wconf 83' lang='lat' dir='ltr'><strong>dictis,</strong></span> <span class='ocrx_word' id='word_1_78' title='bbox 1458 2089 1632 2158; x_wconf 86' lang='lat' dir='ltr'><strong>com’</strong></span> <span class='ocrx_word' id='word_1_79' title='bbox 1656 2088 1727 2158; x_wconf 81' lang='lat' dir='ltr'><strong>io</strong></span> <span class='ocrx_word' id='word_1_80' title='bbox 1771 2087 2087 2176; x_wconf 78' lang='lat' dir='ltr'><strong>innale,</strong></span> <span class='ocrx_word' id='word_1_81' title='bbox 2123 2084 2326 2180; x_wconf 88' lang='lat' dir='ltr'><strong>idest,</strong></span> <span class='ocrx_word' id='word_1_82' title='bbox 2374 2087 2643 2180; x_wconf 85' lang='lat' dir='ltr'><strong>exalto,</strong></span> <span class='ocrx_word' id='word_1_83' title='bbox 2679 2090 2753 2161; x_wconf 89' lang='lat' dir='ltr'><strong>la</strong></span> <span class='ocrx_word' id='word_1_84' title='bbox 2785 2091 2930 2161; x_wconf 83' lang='lat' dir='ltr'><strong>mia</strong></span> 
     </span>
     <span class='ocr_line' id='line_1_11' title="bbox 581 2205 2932 2302; baseline 0.001 -22"><span class='ocrx_word' id='word_1_85' title='bbox 581 2209 912 2299; x_wconf 58' lang='lat' dir='ltr'><strong>materia,</strong></span> <span class='ocrx_word' id='word_1_86' title='bbox 961 2205 1368 2282; x_wconf 87' lang='lat' dir='ltr'><strong>secundum</strong></span> <span class='ocrx_word' id='word_1_87' title='bbox 1432 2205 1630 2301; x_wconf 91' lang='lat' dir='ltr'><strong>quod</strong></span> <span class='ocrx_word' id='word_1_88' title='bbox 1679 2205 1895 2280; x_wconf 87' lang='lat' dir='ltr'><strong>altius</strong></span> <span class='ocrx_word' id='word_1_89' title='bbox 1943 2207 2262 2281; x_wconf 82' lang='lat' dir='ltr'><strong>ascendo</strong></span> <span class='ocrx_word' id='word_1_90' title='bbox 2302 2227 2435 2302; x_wconf 89' lang='lat' dir='ltr'><strong>per</strong></span> <span class='ocrx_word' id='word_1_91' title='bbox 2488 2214 2841 2302; x_wconf 87' lang='lat' dir='ltr'><strong>montem,</strong></span> <span class='ocrx_word' id='word_1_92' title='bbox 2894 2230 2932 2282; x_wconf 82' lang='lat' dir='ltr'><strong>e</strong></span> 
     </span>
     <span class='ocr_line' id='line_1_12' title="bbox 569 2319 2927 2422; baseline 0 -20"><span class='ocrx_word' id='word_1_93' title='bbox 569 2319 753 2422; x_wconf 76' lang='lat' dir='ltr'><strong>perd</strong></span> <span class='ocrx_word' id='word_1_94' title='bbox 801 2347 948 2400; x_wconf 80' lang='lat' dir='ltr'><strong>non</strong></span> <span class='ocrx_word' id='word_1_95' title='bbox 997 2330 1049 2400; x_wconf 82' lang='lat' dir='ltr'><strong>ti</strong></span> <span class='ocrx_word' id='word_1_96' title='bbox 1097 2329 1570 2418; x_wconf 67' lang='lat' dir='ltr'><strong>maraviyliar</strong></span> <span class='ocrx_word' id='word_1_97' title='bbox 1617 2329 1676 2400; x_wconf 57' lang='grc' dir='ltr'><strong>ε’</strong></span> <span class='ocrx_word' id='word_1_98' title='bbox 1699 2328 1772 2400; x_wconf 81' lang='lat' dir='ltr'><strong>io</strong></span> <span class='ocrx_word' id='word_1_99' title='bbox 1821 2329 1894 2402; x_wconf 85' lang='lat' dir='ltr'><strong>la</strong></span> <span class='ocrx_word' id='word_1_100' title='bbox 1943 2330 2291 2419; x_wconf 64' lang='grc' dir='ltr'><strong>ηἠοαῖτο,</strong></span> <span class='ocrx_word' id='word_1_101' title='bbox 2329 2327 2536 2422; x_wconf 86' lang='lat' dir='ltr'><strong>idest,</strong></span> <span class='ocrx_word' id='word_1_102' title='bbox 2586 2327 2927 2403; x_wconf 81' lang='lat' dir='ltr'><strong>suffulcio</strong></span> 
     </span>
     <span class='ocr_line' id='line_1_13' title="bbox 577 2441 2929 2546; baseline -0.001 -23"><span class='ocrx_word' id='word_1_103' title='bbox 577 2455 652 2524; x_wconf 89' lang='lat' dir='ltr'><strong>et</strong></span> <span class='ocrx_word' id='word_1_104' title='bbox 706 2447 988 2544; x_wconf 89' lang='lat' dir='ltr'><strong>munio,</strong></span> <span class='ocrx_word' id='word_1_105' title='bbox 1039 2468 1174 2521; x_wconf 80' lang='lat' dir='ltr'><strong>con</strong></span> <span class='ocrx_word' id='word_1_106' title='bbox 1217 2441 1348 2540; x_wconf 65' lang='lat' dir='ltr'><strong>pin)</strong></span> <span class='ocrx_word' id='word_1_107' title='bbox 1409 2454 1590 2537; x_wconf 79' lang='lat' dir='ltr'><strong>arte,</strong></span> <span class='ocrx_word' id='word_1_108' title='bbox 1640 2447 1937 2543; x_wconf 86' lang='lat' dir='ltr'><strong>scilicet,</strong></span> <span class='ocrx_word' id='word_1_109' title='bbox 1989 2446 2401 2522; x_wconf 84' lang='lat' dir='ltr'><strong>fictionibus</strong></span> <span class='ocrx_word' id='word_1_110' title='bbox 2461 2449 2697 2546; x_wconf 87' lang='lat' dir='ltr'><strong>magis</strong></span> <span class='ocrx_word' id='word_1_111' title='bbox 2746 2449 2929 2523; x_wconf 85' lang='lat' dir='ltr'><strong>arti-</strong></span> 
     </span>
     <span class='ocr_line' id='line_1_14' title="bbox 582 2566 2929 2665; baseline 0 -23"><span class='ocrx_word' id='word_1_112' title='bbox 582 2567 846 2642; x_wconf 89' lang='lat' dir='ltr'><strong>ficiosis</strong></span> <span class='ocrx_word' id='word_1_113' title='bbox 895 2574 972 2643; x_wconf 87' lang='lat' dir='ltr'><strong>et</strong></span> <span class='ocrx_word' id='word_1_114' title='bbox 1020 2566 1496 2642; x_wconf 75' lang='lat' dir='ltr'><strong>sententiosis.</strong></span> <span class='ocrx_word' id='word_1_115' title='bbox 1549 2567 1757 2642; x_wconf 92' lang='lat' dir='ltr'><strong>Unde</strong></span> <span class='ocrx_word' id='word_1_116' title='bbox 1806 2574 1980 2642; x_wconf 84' lang='lat' dir='ltr'><strong>nota</strong></span> <span class='ocrx_word' id='word_1_117' title='bbox 2017 2568 2130 2641; x_wconf 89' lang='lat' dir='ltr'><strong>hic</strong></span> <span class='ocrx_word' id='word_1_118' title='bbox 2171 2567 2371 2662; x_wconf 91' lang='lat' dir='ltr'><strong>quod</strong></span> <span class='ocrx_word' id='word_1_119' title='bbox 2421 2568 2929 2665; x_wconf 86' lang='lat' dir='ltr'><strong>antipurgato-</strong></span> 
     </span>
     <span class='ocr_line' id='line_1_15' title="bbox 584 2679 2929 2786; baseline -0.001 -22"><span class='ocrx_word' id='word_1_120' title='bbox 584 2689 780 2764; x_wconf 89' lang='lat' dir='ltr'><strong>rium</strong></span> <span class='ocrx_word' id='word_1_121' title='bbox 834 2688 972 2762; x_wconf 79' lang='lat' dir='ltr'><strong>fuit</strong></span> <span class='ocrx_word' id='word_1_122' title='bbox 1019 2687 1328 2763; x_wconf 87' lang='lat' dir='ltr'><strong>materia</strong></span> <span class='ocrx_word' id='word_1_123' title='bbox 1365 2689 1580 2784; x_wconf 88' lang='lat' dir='ltr'><strong>plana</strong></span> <span class='ocrx_word' id='word_1_124' title='bbox 1631 2693 1706 2764; x_wconf 89' lang='lat' dir='ltr'><strong>et</strong></span> <span class='ocrx_word' id='word_1_125' title='bbox 1755 2687 1980 2762; x_wconf 78' lang='lat' dir='ltr'><strong>facilis</strong></span> <span class='ocrx_word' id='word_1_126' title='bbox 2007 2679 2083 2780; x_wconf 83' lang='lat'><strong>(²)</strong></span> <span class='ocrx_word' id='word_1_127' title='bbox 2120 2695 2454 2784; x_wconf 85' lang='lat' dir='ltr'><strong>respectu</strong></span> <span class='ocrx_word' id='word_1_128' title='bbox 2501 2689 2929 2786; x_wconf 85' lang='lat' dir='ltr'><strong>purgatorii,</strong></span> 
     </span>
     <span class='ocr_line' id='line_1_16' title="bbox 581 2806 2924 2904; baseline -0 -21"><span class='ocrx_word' id='word_1_129' title='bbox 581 2813 656 2884; x_wconf 85' lang='lat' dir='ltr'><strong>et</strong></span> <span class='ocrx_word' id='word_1_130' title='bbox 705 2807 802 2882; x_wconf 86' lang='lat' dir='ltr'><strong>ita</strong></span> <span class='ocrx_word' id='word_1_131' title='bbox 857 2807 1568 2904; x_wconf 81' lang='lat' dir='ltr'><strong>post-purgatorium</strong></span> <span class='ocrx_word' id='word_1_132' title='bbox 1614 2807 1754 2882; x_wconf 88' lang='lat' dir='ltr'><strong>erit</strong></span> <span class='ocrx_word' id='word_1_133' title='bbox 1785 2806 2094 2882; x_wconf 88' lang='lat' dir='ltr'><strong>materia</strong></span> <span class='ocrx_word' id='word_1_134' title='bbox 2130 2806 2551 2884; x_wconf 88' lang='lat' dir='ltr'><strong>difficillima</strong></span> <span class='ocrx_word' id='word_1_135' title='bbox 2588 2817 2924 2904; x_wconf 87' lang='lat' dir='ltr'><strong>respectu</strong></span> 
     </span>
     <span class='ocr_line' id='line_1_17' title="bbox 583 2925 2929 3027; baseline 0.001 -26"><span class='ocrx_word' id='word_1_136' title='bbox 583 2927 1012 3027; x_wconf 82' lang='lat' dir='ltr'><strong>purgatorii,</strong></span> <span class='ocrx_word' id='word_1_137' title='bbox 1049 2934 1134 3002; x_wconf 90' lang='lat' dir='ltr'><strong>ut</strong></span> <span class='ocrx_word' id='word_1_138' title='bbox 1183 2925 1456 3002; x_wconf 85' lang='lat' dir='ltr'><strong>videbis</strong></span> <span class='ocrx_word' id='word_1_139' title='bbox 1501 2928 1574 3001; x_wconf 94' lang='lat' dir='ltr'><strong>in</strong></span> <span class='ocrx_word' id='word_1_140' title='bbox 1625 2946 1995 3022; x_wconf 87' lang='lat' dir='ltr'><strong>processu.</strong></span> <span class='ocrx_word' id='word_1_141' title='bbox 2023 2967 2124 2980; x_wconf 94' lang='lat'>—</span> <span class='ocrx_word' id='word_1_142' title='bbox 2149 2929 2305 3001; x_wconf 81' lang='lat' dir='ltr'><strong>Noi.</strong></span> <span class='ocrx_word' id='word_1_143' title='bbox 2348 2927 2479 3002; x_wconf 90' lang='lat' dir='ltr'><strong>Hic</strong></span> <span class='ocrx_word' id='word_1_144' title='bbox 2512 2936 2727 3024; x_wconf 88' lang='lat' dir='ltr'><strong>poeta</strong></span> <span class='ocrx_word' id='word_1_145' title='bbox 2766 2935 2929 3004; x_wconf 88' lang='lat' dir='ltr'><strong>tan-</strong></span> 
     </span>
     <span class='ocr_line' id='line_1_18' title="bbox 581 3046 2929 3146; baseline 0 -24"><span class='ocrx_word' id='word_1_146' title='bbox 581 3049 687 3146; x_wconf 82' lang='lat' dir='ltr'><strong>git</strong></span> <span class='ocrx_word' id='word_1_147' title='bbox 735 3068 1118 3122; x_wconf 65' lang='lat' dir='ltr'><strong>accessum</strong></span> <span class='ocrx_word' id='word_1_148' title='bbox 1170 3067 1430 3122; x_wconf 90' lang='lat' dir='ltr'><strong>eorum</strong></span> <span class='ocrx_word' id='word_1_149' title='bbox 1485 3046 1577 3121; x_wconf 88' lang='lat' dir='ltr'><strong>ad</strong></span> <span class='ocrx_word' id='word_1_150' title='bbox 1627 3047 2048 3143; x_wconf 89' lang='lat' dir='ltr'><strong>proximum</strong></span> <span class='ocrx_word' id='word_1_151' title='bbox 2103 3047 2642 3145; x_wconf 65' lang='lat' dir='ltr'><strong>purgatorium5</strong></span> <span class='ocrx_word' id='word_1_152' title='bbox 2678 3055 2751 3123; x_wconf 90' lang='lat' dir='ltr'><strong>et</strong></span> <span class='ocrx_word' id='word_1_153' title='bbox 2800 3049 2929 3124; x_wconf 91' lang='lat' dir='ltr'><strong>de-</strong></span> 
     </span>
     <span class='ocr_line' id='line_1_19' title="bbox 582 3165 2937 3264; baseline -0 -21"><span class='ocrx_word' id='word_1_154' title='bbox 582 3167 831 3243; x_wconf 80' lang='lat' dir='ltr'><strong>scribit</strong></span> <span class='ocrx_word' id='word_1_155' title='bbox 883 3173 1171 3264; x_wconf 89' lang='lat' dir='ltr'><strong>portam</strong></span> <span class='ocrx_word' id='word_1_156' title='bbox 1225 3173 1300 3242; x_wconf 89' lang='lat' dir='ltr'><strong>et</strong></span> <span class='ocrx_word' id='word_1_157' title='bbox 1349 3166 1754 3262; x_wconf 87' lang='lat' dir='ltr'><strong>portarium</strong></span> <span class='ocrx_word' id='word_1_158' title='bbox 1795 3165 1867 3240; x_wconf 92' lang='lat' dir='ltr'><strong>in</strong></span> <span class='ocrx_word' id='word_1_159' title='bbox 1904 3166 2273 3263; x_wconf 85' lang='lat' dir='ltr'><strong>generali3</strong></span> <span class='ocrx_word' id='word_1_160' title='bbox 2316 3166 2513 3242; x_wconf 90' lang='lat' dir='ltr'><strong>unde</strong></span> <span class='ocrx_word' id='word_1_161' title='bbox 2555 3168 2758 3243; x_wconf 89' lang='lat' dir='ltr'><strong>dicit:</strong></span> <span class='ocrx_word' id='word_1_162' title='bbox 2795 3171 2937 3242; x_wconf 82' lang='lat' dir='ltr'><strong>Noi</strong></span> 
     </span>
     <span class='ocr_line' id='line_1_20' title="bbox 587 3287 2982 3384; baseline -0.001 -20"><span class='ocrx_word' id='word_1_163' title='bbox 587 3293 652 3364; x_wconf 78' lang='lat' dir='ltr'><strong>ci</strong></span> <span class='ocrx_word' id='word_1_164' title='bbox 674 3309 1232 3382; x_wconf 74' lang='lat' dir='ltr'><strong>oppressammo,</strong></span> <span class='ocrx_word' id='word_1_165' title='bbox 1259 3287 1550 3382; x_wconf 88' lang='lat' dir='ltr'><strong>scilicet,</strong></span> <span class='ocrx_word' id='word_1_166' title='bbox 1578 3287 1674 3360; x_wconf 92' lang='lat' dir='ltr'><strong>illi</strong></span> <span class='ocrx_word' id='word_1_167' title='bbox 1701 3287 1960 3382; x_wconf 89' lang='lat' dir='ltr'><strong>balcio,</strong></span> <span class='ocrx_word' id='word_1_168' title='bbox 1988 3294 2053 3360; x_wconf 82' lang='lat' dir='ltr'><strong>ec</strong></span> <span class='ocrx_word' id='word_1_169' title='bbox 2083 3307 2422 3361; x_wconf 80' lang='lat' dir='ltr'><strong>eravamo</strong></span> <span class='ocrx_word' id='word_1_170' title='bbox 2444 3291 2517 3362; x_wconf 82' lang='lat' dir='ltr'><strong>in</strong></span> <span class='ocrx_word' id='word_1_171' title='bbox 2542 3297 2781 3382; x_wconf 79' lang='lat' dir='ltr'><strong>parte,</strong></span> <span class='ocrx_word' id='word_1_172' title='bbox 2808 3292 2929 3363; x_wconf 77' lang='lat' dir='ltr'><strong>che</strong></span> <span class='ocrx_word' id='word_1_173' title='bbox 2976 3379 2982 3384; x_wconf 81' lang='lat'>.</span> 
     </span>
     <span class='ocr_line' id='line_1_21' title="bbox 587 3400 2937 3504; baseline -0 -19"><span class='ocrx_word' id='word_1_174' title='bbox 587 3400 664 3485; x_wconf 70' lang='grc' dir='ltr'><strong>τὰ</strong></span> <span class='ocrx_word' id='word_1_175' title='bbox 696 3412 874 3486; x_wconf 81' lang='lat' dir='ltr'><strong>dove</strong></span> <span class='ocrx_word' id='word_1_176' title='bbox 892 3412 1224 3503; x_wconf 81' lang='lat' dir='ltr'><strong>pareami</strong></span> <span class='ocrx_word' id='word_1_177' title='bbox 1241 3410 1487 3503; x_wconf 64' lang='lat' dir='ltr'><strong>prima</strong></span> <span class='ocrx_word' id='word_1_178' title='bbox 1518 3430 1616 3483; x_wconf 77' lang='lat' dir='ltr'><strong>zm</strong></span> <span class='ocrx_word' id='word_1_179' title='bbox 1655 3415 1866 3500; x_wconf 78' lang='lat' dir='ltr'><strong>rouo,</strong></span> <span class='ocrx_word' id='word_1_180' title='bbox 1902 3407 2196 3503; x_wconf 85' lang='lat' dir='ltr'><strong>scilicet,</strong></span> <span class='ocrx_word' id='word_1_181' title='bbox 2230 3413 2401 3483; x_wconf 86' lang='lat' dir='ltr'><strong>ante</strong></span> <span class='ocrx_word' id='word_1_182' title='bbox 2434 3415 2722 3504; x_wconf 90' lang='lat' dir='ltr'><strong>portam</strong></span> <span class='ocrx_word' id='word_1_183' title='bbox 2767 3431 2937 3504; x_wconf 84' lang='lat' dir='ltr'><strong>quae</strong></span> 
     </span>
     <span class='ocr_line' id='line_1_22' title="bbox 587 3526 2937 3625; baseline -0.001 -19"><span class='ocrx_word' id='word_1_184' title='bbox 587 3538 746 3607; x_wconf 84' lang='lat' dir='ltr'><strong>erat</strong></span> <span class='ocrx_word' id='word_1_185' title='bbox 793 3537 1054 3606; x_wconf 87' lang='lat' dir='ltr'><strong>cavata</strong></span> <span class='ocrx_word' id='word_1_186' title='bbox 1107 3530 1180 3604; x_wconf 93' lang='lat' dir='ltr'><strong>in</strong></span> <span class='ocrx_word' id='word_1_187' title='bbox 1233 3534 1483 3604; x_wconf 91' lang='lat' dir='ltr'><strong>monte</strong></span> <span class='ocrx_word' id='word_1_188' title='bbox 1532 3528 1786 3623; x_wconf 78' lang='lat' dir='ltr'><strong>fracto,</strong></span> <span class='ocrx_word' id='word_1_189' title='bbox 1832 3548 1878 3603; x_wconf 91' lang='lat' dir='ltr'><strong>a</strong></span> <span class='ocrx_word' id='word_1_190' title='bbox 1918 3526 2156 3622; x_wconf 77' lang='lat' dir='ltr'><strong>simili,</strong></span> <span class='ocrx_word' id='word_1_191' title='bbox 2185 3548 2329 3621; x_wconf 83' lang='lat' dir='ltr'><strong>pur</strong></span> <span class='ocrx_word' id='word_1_192' title='bbox 2378 3548 2570 3602; x_wconf 83' lang='lat' dir='ltr'><strong>come</strong></span> <span class='ocrx_word' id='word_1_193' title='bbox 2606 3552 2703 3605; x_wconf 76' lang='lat' dir='ltr'><strong>zm</strong></span> <span class='ocrx_word' id='word_1_194' title='bbox 2748 3534 2937 3625; x_wconf 81' lang='lat' dir='ltr'><strong>fesso</strong></span> 
     </span>
     <span class='ocr_line' id='line_1_23' title="bbox 585 3646 2933 3743; baseline -0.001 -18"><span class='ocrx_word' id='word_1_195' title='bbox 585 3653 702 3726; x_wconf 71' lang='lat' dir='ltr'><strong>ohe</strong></span> <span class='ocrx_word' id='word_1_196' title='bbox 749 3652 1026 3743; x_wconf 82' lang='lat' dir='ltr'><strong>diparte</strong></span> <span class='ocrx_word' id='word_1_197' title='bbox 1058 3669 1288 3741; x_wconf 80' lang='lat' dir='ltr'><strong>muro,</strong></span> <span class='ocrx_word' id='word_1_198' title='bbox 1326 3648 1529 3741; x_wconf 82' lang='lat' dir='ltr'><strong>idest,</strong></span> <span class='ocrx_word' id='word_1_199' title='bbox 1563 3648 1814 3722; x_wconf 90' lang='lat' dir='ltr'><strong>dividit</strong></span> <span class='ocrx_word' id='word_1_200' title='bbox 1846 3667 1982 3743; x_wconf 89' lang='lat' dir='ltr'><strong>pro</strong></span> <span class='ocrx_word' id='word_1_201' title='bbox 2015 3646 2348 3723; x_wconf 81' lang='lat' dir='ltr'><strong>faciendo</strong></span> <span class='ocrx_word' id='word_1_202' title='bbox 2394 3656 2707 3743; x_wconf 80' lang='lat' dir='ltr'><strong>portam,</strong></span> <span class='ocrx_word' id='word_1_203' title='bbox 2746 3650 2933 3725; x_wconf 89' lang='lat' dir='ltr'><strong>sicut</strong></span> 
     </span>
     <span class='ocr_line' id='line_1_24' title="bbox 587 3766 2930 3865; baseline -0.001 -20"><span class='ocrx_word' id='word_1_204' title='bbox 587 3790 778 3865; x_wconf 81' lang='lat' dir='ltr'><strong>saepe</strong></span> <span class='ocrx_word' id='word_1_205' title='bbox 831 3768 910 3843; x_wconf 82' lang='lat' dir='ltr'><strong>fit</strong></span> <span class='ocrx_word' id='word_1_206' title='bbox 957 3768 1034 3843; x_wconf 92' lang='lat' dir='ltr'><strong>in</strong></span> <span class='ocrx_word' id='word_1_207' title='bbox 1085 3768 1319 3843; x_wconf 89' lang='lat' dir='ltr'><strong>muris</strong></span> <span class='ocrx_word' id='word_1_208' title='bbox 1364 3768 1628 3843; x_wconf 89' lang='lat' dir='ltr'><strong>nostris</strong></span> <span class='ocrx_word' id='word_1_209' title='bbox 1664 3766 1960 3862; x_wconf 88' lang='lat' dir='ltr'><strong>quando</strong></span> <span class='ocrx_word' id='word_1_210' title='bbox 1994 3768 2342 3842; x_wconf 79' lang='lat' dir='ltr'><strong>volumus</strong></span> <span class='ocrx_word' id='word_1_211' title='bbox 2382 3767 2626 3843; x_wconf 81' lang='lat' dir='ltr'><strong>facere</strong></span> <span class='ocrx_word' id='word_1_212' title='bbox 2662 3789 2930 3845; x_wconf 88' lang='lat' dir='ltr'><strong>novam</strong></span> 
     </span>
     <span class='ocr_line' id='line_1_25' title="bbox 588 3891 2936 3986; baseline 0.001 -23"><span class='ocrx_word' id='word_1_213' title='bbox 588 3898 922 3986; x_wconf 83' lang='lat' dir='ltr'><strong>portam3</strong></span> <span class='ocrx_word' id='word_1_214' title='bbox 975 3896 1050 3966; x_wconf 86' lang='lat' dir='ltr'><strong>et</strong></span> <span class='ocrx_word' id='word_1_215' title='bbox 1099 3910 1296 3984; x_wconf 86' lang='lat' dir='ltr'><strong>ecce,</strong></span> <span class='ocrx_word' id='word_1_216' title='bbox 1345 3892 1490 3963; x_wconf 81' lang='lat' dir='ltr'><strong>vidi</strong></span> <span class='ocrx_word' id='word_1_217' title='bbox 1535 3910 1679 3963; x_wconf 84' lang='lat' dir='ltr'><strong>una</strong></span> <span class='ocrx_word' id='word_1_218' title='bbox 1707 3895 1949 3982; x_wconf 84' lang='lat' dir='ltr'><strong>porta,</strong></span> <span class='ocrx_word' id='word_1_219' title='bbox 2001 3910 2040 3961; x_wconf 85' lang='lat' dir='ltr'><strong>e</strong></span> <span class='ocrx_word' id='word_1_220' title='bbox 2089 3896 2194 3963; x_wconf 79' lang='lat' dir='ltr'><strong>tre</strong></span> <span class='ocrx_word' id='word_1_221' title='bbox 2224 3891 2444 3981; x_wconf 65' lang='lat' dir='ltr'><strong>aradi</strong></span> <span class='ocrx_word' id='word_1_222' title='bbox 2476 3891 2552 3963; x_wconf 85' lang='lat' dir='ltr'><strong>di</strong></span> <span class='ocrx_word' id='word_1_223' title='bbox 2584 3898 2762 3964; x_wconf 81' lang='lat' dir='ltr'><strong>sotto</strong></span> <span class='ocrx_word' id='word_1_224' title='bbox 2799 3913 2936 3984; x_wconf 84' lang='lat' dir='ltr'><strong>per</strong></span> 
     </span>
     <span class='ocr_line' id='line_1_26' title="bbox 587 4008 2936 4104; baseline 0.002 -21"><span class='ocrx_word' id='word_1_225' title='bbox 587 4012 738 4103; x_wconf 71' lang='lat' dir='ltr'><strong>aire</strong></span> <span class='ocrx_word' id='word_1_226' title='bbox 779 4011 879 4083; x_wconf 84' lang='lat' dir='ltr'><strong>ad</strong></span> <span class='ocrx_word' id='word_1_227' title='bbox 914 4030 1100 4101; x_wconf 79' lang='lat' dir='ltr'><strong>essa,</strong></span> <span class='ocrx_word' id='word_1_228' title='bbox 1151 4009 1325 4104; x_wconf 87' lang='lat' dir='ltr'><strong>quia</strong></span> <span class='ocrx_word' id='word_1_229' title='bbox 1375 4008 1534 4083; x_wconf 89' lang='lat' dir='ltr'><strong>sine</strong></span> <span class='ocrx_word' id='word_1_230' title='bbox 1577 4008 1732 4082; x_wconf 86' lang='lat' dir='ltr'><strong>istis</strong></span> <span class='ocrx_word' id='word_1_231' title='bbox 1764 4029 1912 4082; x_wconf 90' lang='lat' dir='ltr'><strong>non</strong></span> <span class='ocrx_word' id='word_1_232' title='bbox 1949 4015 2186 4103; x_wconf 86' lang='lat' dir='ltr'><strong>potest</strong></span> <span class='ocrx_word' id='word_1_233' title='bbox 2220 4010 2383 4104; x_wconf 89' lang='lat' dir='ltr'><strong>quis</strong></span> <span class='ocrx_word' id='word_1_234' title='bbox 2420 4017 2622 4085; x_wconf 87' lang='lat' dir='ltr'><strong>recte</strong></span> <span class='ocrx_word' id='word_1_235' title='bbox 2658 4010 2936 4087; x_wconf 89' lang='lat' dir='ltr'><strong>intrare</strong></span> 
     </span>
     <span class='ocr_line' id='line_1_27' title="bbox 589 4128 2934 4227; baseline 0 -23"><span class='ocrx_word' id='word_1_236' title='bbox 589 4129 1126 4227; x_wconf 82' lang='lat' dir='ltr'><strong>purgatorium,</strong></span> <span class='ocrx_word' id='word_1_237' title='bbox 1177 4132 1254 4203; x_wconf 83' lang='lat' dir='ltr'><strong>di</strong></span> <span class='ocrx_word' id='word_1_238' title='bbox 1308 4132 1506 4203; x_wconf 84' lang='lat' dir='ltr'><strong>color</strong></span> <span class='ocrx_word' id='word_1_239' title='bbox 1553 4130 1838 4221; x_wconf 79' lang='lat' dir='ltr'><strong>diversi,</strong></span> <span class='ocrx_word' id='word_1_240' title='bbox 1889 4136 1974 4204; x_wconf 93' lang='lat' dir='ltr'><strong>ut</strong></span> <span class='ocrx_word' id='word_1_241' title='bbox 2023 4128 2267 4205; x_wconf 90' lang='lat' dir='ltr'><strong>statim</strong></span> <span class='ocrx_word' id='word_1_242' title='bbox 2329 4130 2639 4226; x_wconf 85' lang='lat' dir='ltr'><strong>dicetur,</strong></span> <span class='ocrx_word' id='word_1_243' title='bbox 2707 4140 2775 4207; x_wconf 80' lang='lat' dir='ltr'><strong>et</strong></span> <span class='ocrx_word' id='word_1_244' title='bbox 2820 4152 2934 4209; x_wconf 75' lang='lat' dir='ltr'><strong>un</strong></span> 
     </span>
     <span class='ocr_line' id='line_1_28' title="bbox 585 4249 2928 4347; baseline 0.001 -23"><span class='ocrx_word' id='word_1_245' title='bbox 585 4254 880 4344; x_wconf 71' lang='grc' dir='ltr'><strong>ρον-τίεν,</strong></span> <span class='ocrx_word' id='word_1_246' title='bbox 913 4249 1040 4344; x_wconf 85' lang='lat' dir='ltr'><strong>qui</strong></span> <span class='ocrx_word' id='word_1_247' title='bbox 1077 4256 1238 4325; x_wconf 88' lang='lat' dir='ltr'><strong>erat</strong></span> <span class='ocrx_word' id='word_1_248' title='bbox 1271 4271 1468 4323; x_wconf 92' lang='lat' dir='ltr'><strong>unus</strong></span> <span class='ocrx_word' id='word_1_249' title='bbox 1505 4249 1836 4347; x_wconf 77' lang='lat' dir='ltr'><strong>angelu8‚</strong></span> <span class='ocrx_word' id='word_1_250' title='bbox 1871 4252 1974 4323; x_wconf 63' lang='grc' dir='ltr'><strong>αι’</strong></span> <span class='ocrx_word' id='word_1_251' title='bbox 2001 4271 2226 4324; x_wconf 82' lang='lat' dir='ltr'><strong>ancor</strong></span> <span class='ocrx_word' id='word_1_252' title='bbox 2260 4272 2403 4325; x_wconf 84' lang='lat' dir='ltr'><strong>non</strong></span> <span class='ocrx_word' id='word_1_253' title='bbox 2431 4255 2639 4346; x_wconf 81' lang='lat' dir='ltr'><strong>facea</strong></span> <span class='ocrx_word' id='word_1_254' title='bbox 2690 4259 2928 4344; x_wconf 75' lang='lat' dir='ltr'><strong>moun,</strong></span> 
     </span>
     <span class='ocr_line' id='line_1_29' title="bbox 591 4368 2937 4466; baseline 0 -23"><span class='ocrx_word' id='word_1_255' title='bbox 591 4370 664 4445; x_wconf 90' lang='lat' dir='ltr'><strong>in</strong></span> <span class='ocrx_word' id='word_1_256' title='bbox 713 4391 865 4465; x_wconf 91' lang='lat' dir='ltr'><strong>quo</strong></span> <span class='ocrx_word' id='word_1_257' title='bbox 913 4368 1244 4466; x_wconf 80' lang='lat' dir='ltr'><strong>designat</strong></span> <span class='ocrx_word' id='word_1_258' title='bbox 1293 4369 1752 4445; x_wconf 85' lang='lat' dir='ltr'><strong>sacerdotem</strong></span> <span class='ocrx_word' id='word_1_259' title='bbox 1803 4371 2321 4445; x_wconf 83' lang='lat' dir='ltr'><strong>consessorem.</strong></span> <span class='ocrx_word' id='word_1_260' title='bbox 2360 4372 2446 4445; x_wconf 90' lang='lat' dir='ltr'><strong>Et</strong></span> <span class='ocrx_word' id='word_1_261' title='bbox 2485 4370 2824 4446; x_wconf 89' lang='lat' dir='ltr'><strong>describit</strong></span> <span class='ocrx_word' id='word_1_262' title='bbox 2860 4370 2937 4445; x_wconf 93' lang='lat' dir='ltr'><strong>in</strong></span> 
     </span>
     <span class='ocr_line' id='line_1_30' title="bbox 591 4489 2929 4587; baseline 0 -23"><span class='ocrx_word' id='word_1_263' title='bbox 591 4490 878 4587; x_wconf 88' lang='lat' dir='ltr'><strong>speciali</strong></span> <span class='ocrx_word' id='word_1_264' title='bbox 913 4491 1149 4585; x_wconf 87' lang='lat' dir='ltr'><strong>ipsum</strong></span> <span class='ocrx_word' id='word_1_265' title='bbox 1185 4489 1597 4585; x_wconf 84' lang='lat' dir='ltr'><strong>portarium</strong></span> <span class='ocrx_word' id='word_1_266' title='bbox 1633 4489 1730 4563; x_wconf 86' lang='lat' dir='ltr'><strong>ab</strong></span> <span class='ocrx_word' id='word_1_267' title='bbox 1763 4490 2192 4566; x_wconf 88' lang='lat' dir='ltr'><strong>excellentia</strong></span> <span class='ocrx_word' id='word_1_268' title='bbox 2229 4498 2306 4565; x_wconf 86' lang='lat' dir='ltr'><strong>et</strong></span> <span class='ocrx_word' id='word_1_269' title='bbox 2336 4491 2613 4585; x_wconf 85' lang='lat' dir='ltr'><strong>habitu,</strong></span> <span class='ocrx_word' id='word_1_270' title='bbox 2648 4491 2929 4566; x_wconf 87' lang='lat' dir='ltr'><strong>dicens:</strong></span> 
     </span>
     <span class='ocr_line' id='line_1_31' title="bbox 589 4604 2933 4707; baseline 0 -22"><span class='ocrx_word' id='word_1_271' title='bbox 589 4634 626 4684; x_wconf 84' lang='lat' dir='ltr'><strong>e</strong></span> <span class='ocrx_word' id='word_1_272' title='bbox 671 4632 864 4685; x_wconf 84' lang='lat' dir='ltr'><strong>come</strong></span> <span class='ocrx_word' id='word_1_273' title='bbox 911 4612 958 4683; x_wconf 69' lang='grc' dir='ltr'><strong>τ’</strong></span> <span class='ocrx_word' id='word_1_274' title='bbox 983 4612 1220 4684; x_wconf 76' lang='lat' dir='ltr'><strong>occln‘o</strong></span> <span class='ocrx_word' id='word_1_275' title='bbox 1257 4604 1386 4703; x_wconf 60' lang='lat' dir='ltr'><strong>pici</strong></span> <span class='ocrx_word' id='word_1_276' title='bbox 1435 4630 1474 4682; x_wconf 86' lang='lat' dir='ltr'><strong>e</strong></span> <span class='ocrx_word' id='word_1_277' title='bbox 1515 4604 1640 4702; x_wconf 75' lang='lat' dir='ltr'><strong>piz&#39;c</strong></span> <span class='ocrx_word' id='word_1_278' title='bbox 1691 4612 1755 4683; x_wconf 85' lang='lat' dir='ltr'><strong>v’</strong></span> <span class='ocrx_word' id='word_1_279' title='bbox 1781 4614 2044 4703; x_wconf 79' lang='lat' dir='ltr'><strong>apersi,</strong></span> <span class='ocrx_word' id='word_1_280' title='bbox 2089 4610 2295 4705; x_wconf 89' lang='lat' dir='ltr'><strong>idest,</strong></span> <span class='ocrx_word' id='word_1_281' title='bbox 2346 4615 2421 4685; x_wconf 87' lang='lat' dir='ltr'><strong>et</strong></span> <span class='ocrx_word' id='word_1_282' title='bbox 2469 4631 2643 4685; x_wconf 88' lang='lat' dir='ltr'><strong>cum</strong></span> <span class='ocrx_word' id='word_1_283' title='bbox 2698 4612 2933 4707; x_wconf 84' lang='lat' dir='ltr'><strong>magis</strong></span> 
     </span>
     <span class='ocr_line' id='line_1_32' title="bbox 591 4728 2930 4827; baseline 0.001 -22"><span class='ocrx_word' id='word_1_284' title='bbox 591 4737 660 4806; x_wconf 88' lang='lat' dir='ltr'><strong>et</strong></span> <span class='ocrx_word' id='word_1_285' title='bbox 711 4729 944 4827; x_wconf 83' lang='lat' dir='ltr'><strong>magis</strong></span> <span class='ocrx_word' id='word_1_286' title='bbox 995 4728 1268 4805; x_wconf 86' lang='lat' dir='ltr'><strong>intendi</strong></span> <span class='ocrx_word' id='word_1_287' title='bbox 1318 4728 1618 4807; x_wconf 87' lang='lat' dir='ltr'><strong>oculum</strong></span> <span class='ocrx_word' id='word_1_288' title='bbox 1689 4728 2258 4807; x_wconf 79' lang='lat' dir='ltr'><strong>intellectualem</strong></span> <span class='ocrx_word' id='word_1_289' title='bbox 2323 4729 2417 4806; x_wconf 89' lang='lat' dir='ltr'><strong>ad</strong></span> <span class='ocrx_word' id='word_1_290' title='bbox 2476 4731 2930 4808; x_wconf 89' lang='lat' dir='ltr'><strong>cernendum</strong></span> 
     </span>
     <span class='ocr_line' id='line_1_33' title="bbox 593 4848 2933 4946; baseline 0.001 -23"><span class='ocrx_word' id='word_1_291' title='bbox 593 4851 852 4946; x_wconf 88' lang='lat' dir='ltr'><strong>ipsum,</strong></span> <span class='ocrx_word' id='word_1_292' title='bbox 905 4851 1078 4923; x_wconf 72' lang='lat' dir='ltr'><strong>vidit</strong></span> <span class='ocrx_word' id='word_1_293' title='bbox 1120 4852 1322 4923; x_wconf 79' lang='lat' dir='ltr'><strong>seder</strong></span> <span class='ocrx_word' id='word_1_294' title='bbox 1368 4870 1591 4942; x_wconf 81' lang='lat' dir='ltr'><strong>sopra</strong></span> <span class='ocrx_word' id='word_1_295' title='bbox 1614 4852 1666 4923; x_wconf 79' lang='lat' dir='ltr'><strong>’l</strong></span> <span class='ocrx_word' id='word_1_296' title='bbox 1709 4852 1946 4941; x_wconf 71' lang='lat' dir='ltr'><strong>orado</strong></span> <span class='ocrx_word' id='word_1_297' title='bbox 1986 4870 2329 4943; x_wconf 79' lang='lat' dir='ltr'><strong>sopranO,</strong></span> <span class='ocrx_word' id='word_1_298' title='bbox 2364 4848 2655 4945; x_wconf 85' lang='lat' dir='ltr'><strong>scilicet,</strong></span> <span class='ocrx_word' id='word_1_299' title='bbox 2692 4850 2933 4945; x_wconf 86' lang='lat' dir='ltr'><strong>tertio,</strong></span> 
     </span>
    </p>
   </div>
   <div class='ocr_carea' id='block_1_3' title="bbox 707 5058 2572 5203">
    <p class='ocr_par' dir='ltr' id='par_1_4' title="bbox 707 5058 2572 5203">
     <span class='ocr_line' id='line_1_34' title="bbox 715 5058 2521 5123; baseline 0.004 -15"><span class='ocrx_word' id='word_1_300' title='bbox 715 5060 770 5121; x_wconf 78' lang='lat'><strong>(¹)</strong></span> <span class='ocrx_word' id='word_1_301' title='bbox 799 5058 854 5109; x_wconf 86' lang='lat' dir='ltr'><strong>S.</strong></span> <span class='ocrx_word' id='word_1_302' title='bbox 883 5060 1187 5123; x_wconf 69' lang='lat' dir='ltr'><strong>significans.</strong></span> <span class='ocrx_word' id='word_1_303' title='bbox 2515 5109 2521 5115; x_wconf 95' lang='lat'>.</span> 
     </span>
     <span class='ocr_line' id='line_1_35' title="bbox 707 5135 2572 5203; baseline 0 -16"><span class='ocrx_word' id='word_1_304' title='bbox 707 5138 764 5199; x_wconf 78' lang='lat'><strong>(²)</strong></span> <span class='ocrx_word' id='word_1_305' title='bbox 793 5137 860 5187; x_wconf 75' lang='lat' dir='ltr'><strong>B.</strong></span> <span class='ocrx_word' id='word_1_306' title='bbox 890 5135 1058 5188; x_wconf 60' lang='grc' dir='ltr'><strong>ΜΒ</strong></span> <span class='ocrx_word' id='word_1_307' title='bbox 1085 5143 1324 5202; x_wconf 72' lang='lat' dir='ltr'><strong>respectu</strong></span> <span class='ocrx_word' id='word_1_308' title='bbox 1355 5138 1656 5203; x_wconf 68' lang='lat' dir='ltr'><strong>purgatorii,</strong></span> <span class='ocrx_word' id='word_1_309' title='bbox 1689 5140 1750 5188; x_wconf 78' lang='lat' dir='ltr'><strong>ut</strong></span> <span class='ocrx_word' id='word_1_310' title='bbox 1783 5136 1976 5191; x_wconf 77' lang='lat' dir='ltr'><strong>videbis</strong></span> <span class='ocrx_word' id='word_1_311' title='bbox 2007 5137 2058 5188; x_wconf 85' lang='lat' dir='ltr'><strong>in</strong></span> <span class='ocrx_word' id='word_1_312' title='bbox 2091 5152 2357 5203; x_wconf 78' lang='lat' dir='ltr'><strong>processu.</strong></span> <span class='ocrx_word' id='word_1_313' title='bbox 2376 5164 2439 5178; x_wconf 92' lang='lat'><strong>--</strong></span> <span class='ocrx_word' id='word_1_314' title='bbox 2458 5136 2572 5189; x_wconf 70' lang='lat' dir='ltr'><strong>Not.</strong></span> 
     </span>
    </p>
   </div>
   <div class='ocr_carea' id='block_1_4' title="bbox 4323 843 4329 1454">
    <p class='ocr_par' dir='ltr' id='par_1_5' title="bbox 4323 843 4329 1454">
     <span class='ocr_line' id='line_1_36' title="bbox 4323 843 4329 1454; baseline 0 0"><span class='ocrx_word' id='word_1_315' title='bbox 4323 843 4329 1454; x_wconf 95' lang='lat' dir='ltr'><strong> </strong></span> 
     </span>
    </p>
   </div>
  </div>
 </body>
</html>
