4392 6850
1417 942 1696 1000 CANTUS
1743 943 2084 1000 ocnvus.
2795 937 2939 1004 225

588 1086 851 1162 timens
885 1087 1062 1162 mihi
1099 1109 1190 1164 ex
1229 1109 1350 1164 om
1359 1087 1431 1166 ui
1475 1097 1710 1188 parte,
1757 1113 1797 1166 e
1843 1097 2082 1164 screno
2133 1094 2225 1164 m’
2242 1095 2549 1166 accoscai
2596 1099 2765 1166 lutto
2813 1115 2935 1184 qe·-

586 1211 754 1300 law,
801 1209 978 1302 quia
1029 1208 1298 1286 nimius
1334 1209 1556 1286 timor
1590 1211 1825 1286 reddit
1859 1212 2235 1288 hominem
2273 1219 2509 1287 totum
2557 1213 2933 1310 frigidum,

585 1327 756 1423 quia
807 1327 1108 1426 sanguis
1169 1329 1490 1404 recurrit
1539 1331 1632 1406 ad
1683 1352 1836 1428 cor,
1892 1337 1976 1405 ut
2023 1351 2220 1427 saepe
2268 1331 2547 1408 dictum
2610 1340 2741 1428 est,
2796 1335 2935 1408 alle

578 1449 795 1539 fidate
839 1450 1087 1542 walle,
1121 1447 1394 1524 scilicet
1427 1449 1729 1546 Virgilii,
1763 1451 1857 1527 ad
1908 1471 2132 1546 quem
2183 1451 2492 1528 fidenter
2544 1473 2750 1527 eram
2812 1473 2934 1528 so-

586 1569 756 1644 litus
806 1588 1222 1645 recurrere.
1273 1570 1364 1644 Et
1413 1569 1668 1668 pulcre
1719 1570 1926 1668 fingit
1975 1573 2137 1667 hoc,
2173 1572 2345 1666 quia
2390 1572 2732 1648 historice
2774 1593 2934 1648 ser-

587 1709 766 1784 pens
815 1694 926 1764 est
975 1709 1108 1784 per
1166 1695 1508 1764 naturam
1573 1689 1907 1765 inimicus
1971 1691 2305 1786 hominis,
2365 1691 2528 1767 ideo
2590 1693 2932 1768 terribilis

587 1815 662 1884 et
711 1808 1219 1903 formidabilis3
1255 1816 1328 1886 et
1363 1809 1527 1884 ideo
1561 1809 1698 1886 iste
1731 1831 2030 1906 serpens
2070 1811 2198 1906 qui
2250 1805 2544 1906 prius(¹)
2587 1812 2932 1908 propina-

551 1929 690 2006 'vit
741 1949 1113 2006 venenum
1167 1929 1408 2026 primo
1460 1929 1762 2025 homini,
1837 1937 1914 2006 et
1987 1930 2184 2006 dedit
2238 1938 2555 2006 mortem
2620 1931 2719 2004 illi
2788 1931 2933 2004 im-

585 2049 900 2144 mortali,
943 2051 1108 2145 plus
1157 2049 1422 2124 terruit
1471 2070 1670 2125 nunc
1719 2059 2014 2146 poetam
2069 2051 2395 2125 nondum
2452 2051 2651 2126 visus
2703 2071 2931 2146 quam

585 2171 844 2266 aliquis
893 2176 1344 2265 serpentum,
1386 2192 1574 2266 quos
1614 2170 1876 2247 viderit
1925 2171 1998 2245 in
2048 2193 2279 2247 arena
2313 2172 2600 2268 inferni,
2634 2171 2766 2267 qui
2798 2170 2931 2247 da·-

585 2291 759 2366 bant
809 2297 962 2365 tam
993 2283 1068 2384 (²)
1123 2290 1364 2365 varias
1418 2296 1692 2365 mortes
1743 2290 2271 2386 peccatoribus,
2606 2281 2611 2286 ’
2917 2275 2921 2280 ’

725 2413 1046 2488 Sos-delto
1079 2431 1372 2485 ancora.
1409 2412 1550 2484 Ista
1583 2418 1695 2486 est
1735 2411 2054 2486 secunda
2091 2432 2264 2507 pars
2297 2411 2615 2508 capituli,
2662 2411 2733 2486 in
2776 2433 2927 2506 qua

585 2540 799 2629 poeta
849 2537 1100 2606 noster
1149 2530 1492 2608 describit
1547 2531 2016 2628 singulariter
2083 2551 2307 2605 unam
2376 2531 2699 2607 animam
2766 2553 2931 2606 mo-

585 2653 888 2730 dernam
945 2651 1302 2726 illustrem
1355 2671 1526 2746 quae
1575 2651 2028 2726 familiariter
2092 2650 2607 2726 confabulatur
2670 2673 2923 2726 secum

584 2775 674 2850 de
723 2773 868 2849 filia
917 2779 996 2848 et
1043 2793 1329 2867 uxore3
1383 2779 1456 2848 et
1516 2772 1754 2868 primo
1813 2792 1948 2867 pro
2011 2771 2557 2847 continuatione
2616 2773 2930 2848 ostendit

585 2895 900 2994 qualiter
948 2892 1345 2988 Sordellus,
1383 2912 1528 2967 non
1565 2897 1952 2970 contentus
1992 2891 2390 2967 ostendisse
2424 2893 2527 2966 eis
2570 2893 2663 2967 ab
2716 2901 2927 2970 extra

582 3015 874 3112 spiritus
915 3013 1248 3088 virorum
1303 3013 1692 3087 illustrium
1747 3019 1823 3087 et
1867 3019 2076 3088 actus
2111 3033 2399 3107 eorum,
2436 3012 2823 3090 deduxerit
2848 3005 2921 3106 (³)

583 3156 712 3214 eos
757 3134 852 3209 ad
904 3135 1174 3210 locum.
1226 3133 1412 3209 Dicit
1461 3153 1682 3230 ergo:
1728 3135 2046 3234 Sordello
2096 3153 2395 3225 ancora,
2432 3134 2711 3229 supple,
2746 3134 2927 3208 dixit

582 3256 813 3351 uobiS,
865 3256 1292 3330 avvalliamo
1344 3256 1566 3344 omai,
1627 3253 1842 3348 idest,
1903 3252 2435 3328 descendamus
2498 3254 2591 3328 ad
2656 3252 2934 3328 dictam'

579 3377 872 3471 vallem,
923 3382 1042 3449 tra
1092 3377 1154 3449 le
1201 3375 1470 3467 arandi
1507 3373 1773 3466 ombre,
1809 3372 2101 3468 scilicet,
2139 3393 2585 3469 magnorum
2636 3380 2714 3449 et
2766 3394 2927 3449 ma-

573 3498 1096 3597 gnanimorum
1149 3494 1508 3589 virorum,
1546 3515 1583 3566 e
1627 3496 2041 3587 parlaremo
2075 3496 2175 3566 ad
2214 3514 2385 3585 esse,
2420 3493 2627 3589 idest,
2662 3493 2929 3587 aliqui-

572 3620 712 3695 bus
763 3638 858 3693 ex
919 3615 1186 3692 nostris
1244 3614 1522 3709 italicis,
1579 3620 1658 3688 ut
1717 3612 2030 3709 patebit:
2084 3620 2160 3688 et
2209 3613 2530 3709 assignat
2594 3635 2927 3709 causam,

571 3740 768 3837 quia,
808 3740 1148 3830 yrazioso
1191 3738 1298 3831 fia
1345 3738 1460 3809 lor
1511 3737 1793 3808 vedervi
1841 3736 2062 3825 assai,
2097 3733 2303 3828 idest,
2340 3734 2512 3831 quia
2566 3734 2705 3809 erit
2755 3735 2929 3809 satis

569 3866 898 3957 gratum,
948 3856 1100 3933 imo
1149 3854 1648 3955 gratissimum
1701 3853 1852 3927 istis
1914 3852 2166 3929 videre
2236 3874 2367 3929 vos
2432 3852 2620 3928 duos
2687 3860 2927 3929 tantos

570 3986 824 4077 poetas
855 3966 958 4073 (⁴),
1011 3978 1186 4073 quia
1248 3976 1387 4051 viri
1451 3976 1768 4051 illustres
1831 3980 1906 4049 et
1967 3973 2305 4048 moderni
2368 3994 2663 4049 summe
2724 3974 2925 4049 dele-

573 4108 866 4181 ctantur
917 4099 1170 4175 videre
1219 4103 1294 4175 et
1341 4096 1602 4173 audire
1663 4092 1938 4193 poetas,
1989 4094 2118 4191 qui
2176 4094 2453 4190 possint
2519 4095 2763 4171 facere
2829 4095 2923 4169 de

574 4225 678 4301 eis
729 4220 1173 4299 memoriam
1223 4225 1300 4295 et
1358 4219 1655 4310 famam,
1708 4216 1895 4291 sicut
1945 4214 2521 4313 sapientissimus
2582 4236 2715 4291 rex
2774 4217 2927 4289 Ro-

575 4345 834 4427 bertus
883 4339 1273 4419 honoravit
1335 4348 1412 4419 et
1470 4336 1835 4431 laureavit
1895 4336 2379 4411 novissimum
2438 4343 2731 4433 poetam
2785 4337 2921 4411 Pe-

576 4464 973 4556 trarcham,
1027 4460 1152 4557 qui
1207 4458 1484 4555 ubique
1533 4457 1707 4535 facit
1753 4457 1939 4533 altas
1971 4456 2644 4533 commendationes
2678 4457 2771 4533 de
2808 4477 2922 4533 eo.

574 4585 778 4663 Sicut
827 4602 1009 4681 ergo
1060 4580 1198 4655 fuit
1219 4656 1226 4665 ,
1245 4579 1506 4655 nobilis
1543 4577 1814 4653 invidia
1846 4577 2235 4653 Alexandri
2278 4577 2516 4673 Magni
2556 4577 2649 4651 ad
2684 4576 2927 4651 Achil-

571 4706 742 4801 lem,
795 4704 1009 4780 cuius
1057 4700 1370 4799 gloriam
1423 4699 1790 4779 Homerus
1841 4698 2116 4773 fecerat
2153 4705 2535 4795 aeternam,
2575 4699 2677 4773 ita
2717 4699 2927 4775 nobi-

571 4827 656 4902 lis
709 4826 934 4901 timor
982 4821 1376 4899 Alexandri
1427 4818 1890 4917 imperatoris
1950 4818 2270 4893 timentis
2338 4819 2535 4893 viros
2597 4819 2927 4893 literatos

702 5010 758 5073 (¹)
790 5009 852 5061 Ε.
885 5010 1100 5073 primus.
1543 5005 1601 5069 (²)
1632 5006 1694 5056 E.
1727 5011 1836 5055 tam
1866 5019 2027 5056 novas
2059 5010 2272 5056 mortes.

703 5086 758 5151 (⁸)
791 5089 900 5148 11⁷,
933 5086 1162 5139 deduxit.
1549 5084 1602 5149 (⁸)
1634 5084 1696 5133 13.
1727 5087 1908 5149 poetas
1937 5083 2026 5149 qui
2057 5083 2256 5149 possint
2286 5083 2459 5135 facere
2492 5082 2557 5133 de
2586 5082 2677 5133 eis.

847 5193 929 5238 ΠΙ.
2604 5192 2657 5233 15
