4392 6850
1503 924 1644 1009 322
2232 954 2641 1010 COMENTUM
2690 918 3129 1011 PuRGATonn

1497 1314 1826 1399 cANTus
1873 1332 2256 1400 DEc1Mus
2306 1332 2772 1415 SECUNDUS,
2820 1334 2891 1399 in
2921 1354 3040 1417 quo
3070 1336 3328 1417 exponit
3354 1338 3517 1402 siout
3544 1339 3615 1403 in
3644 1340 3837 1406 maio

1649 1446 1902 1510 itineris
1957 1447 2331 1511 invenerunt
2385 1446 2587 1511 multa
2640 1445 2958 1527 sculptdia
3018 1445 3167 1510 olivn
3219 1447 3633 1527 superborum
3691 1470 3837 1533 quos

1653 1576 1865 1647 omnes
1905 1558 2210 1623 nominat.
2256 1556 2348 1623 Et
2380 1560 2452 1622 in
2478 1558 2607 1639 fine
2632 1558 2795 1623 sicut
2822 1557 3077 1640 quidam
3122 1558 3385 1641 anyelus
3430 1560 3643 1626 docuit
3668 1562 3836 1643 ipsos

1649 1670 1788 1747 iter,
1814 1674 1876 1733 et
1901 1670 2061 1735 sicut
2088 1670 2182 1735 ibi
2211 1670 2589 1735 audiverunt
2616 1689 2793 1735 voces
2822 1669 3176 1753 aliquorum
3196 1671 3537 1753 spirituum
3560 1674 3834 1742 invidiae.

1643 1961 1828 2127 D
1831 2074 1859 2121 1
1897 2070 2076 2121 mm
2113 2070 2303 2121 come
2337 2050 2499 2123 huoi
2531 2050 2651 2121 che
2684 2068 2919 2122 vanno
2952 2070 3001 2121 a
3030 2052 3263 2141 92‘090.
3316 2050 3711 2144 Postquam
3766 2053 3833 2125 in

1493 2169 1850 2264 superiori
1903 2170 2219 2264 capitulo
2272 2170 2605 2266 proxime
2655 2169 3090 2265 praecedenti
3138 2175 3352 2265 poeta
3404 2178 3651 2246 noster
3688 2178 3835 2246 tra-

1491 2290 1712 2363 ctavit
1762 2295 1837 2364 et
1885 2288 2399 2364 determinavit
2448 2288 2539 2363 de
2603 2288 3041 2385 purgatione
3107 2290 3470 2385 superbiae
3538 2292 3610 2365 in
3674 2312 3835 2387 spe-

1491 2410 1649 2484 ciali
1687 2415 1760 2485 et
1795 2409 2024 2484 inanis
2059 2410 2335 2505 gloriae,
2373 2428 2541 2504 quae
2576 2414 2687 2483 est
2734 2408 2877 2482 filia
2913 2408 3396 2505 primogenita
3434 2412 3832 2506 superbiae3

1493 2552 1688 2605 nunc
1740 2536 2275 2625 consequenter
2324 2531 2398 2604 in
2449 2530 2585 2604 isto
2636 2531 2952 2625 capitulo
2986 2532 3112 2604 XII
3152 2531 3367 2605 docet
3420 2552 3550 2605 nos
3602 2532 3833 2607 vitare

1493 2661 1900 2750 utrumque
1949 2654 2231 2729 vitium.
2286 2656 2374 2729 Et
2423 2676 2743 2751 praesens
2792 2656 3193 2750 capitulum
3238 2661 3473 2750 potest
3514 2656 3831 2732 breviter

1493 2775 1704 2851 dividi
1759 2778 1829 2849 in
1887 2782 2032 2851 tres
2067 2782 2311 2872 partes
2345 2778 2762 2873 generales:
2816 2777 2890 2850 in
2933 2776 3165 2872 prima
3202 2797 3521 2872 quarum
3560 2778 3833 2853 descri-

1490 2896 1594 2970 bit
1643 2920 1862 2971 suum
1917 2904 2349 2993 apparatum
2404 2896 2495 2973 ad
2546 2903 2976 2991 sequentem
3032 2898 3443 2992 materiam,
3480 2903 3552 2972 et
3602 2900 3827 2995 tangit

1492 3018 1719 3114 ipsam
1777 3019 2160 3093 materiam
2215 3017 2715 3093 dicendorum.
2770 3018 2847 3091 In
2902 3018 3219 3093 secunda
3261 3018 3622 3113 percurrit
3660 3018 3829 3093 bre-

1491 3140 1677 3213 viter
1710 3140 1944 3213 muita
1989 3138 2465 3212 memoranda
2518 3138 2855 3234 exempla
2890 3138 3405 3233 superborum,
3442 3138 3826 3213 ostendens
3870 3172 3879 3181 ·

1489 3259 1940 3333 miserabiles
1991 3258 2295 3357 effectus
2326 3251 2397 3350 (⁴)
2454 3258 2995 3353 superbiarum,
3048 3258 3185 3332 ibi:
3244 3262 3465 3333 Vedea
3512 3261 3711 3332 colui.
3750 3259 3825 3331 In

1488 3378 1698 3453 tertia
1750 3377 2090 3453 describit
2140 3399 2376 3453 unum
2429 3379 2777 3474 angelum
2829 3378 2955 3473 qui
3008 3378 3313 3453 mundat
3364 3400 3537 3454 eum
3574 3398 3619 3453 a
3657 3379 3827 3455 vitio

1487 3501 1870 3595 superbiae,
1908 3506 1982 3574 et
2025 3500 2269 3596 dirigit
2316 3497 2407 3574 ad
2460 3500 2865 3574 secundum
2917 3499 3301 3592 circulum,
3340 3499 3412 3572 in
3448 3520 3597 3594 quo
3648 3522 3826 3594 pur-

1485 3627 1705 3717 gatur
1755 3619 2042 3715 invidia,
2097 3621 2233 3693 ibi:
2269 3616 2401 3694 Ρίὰ
2450 3641 2580 3693 era
2620 3611 2763 3712 yid.
2809 3618 2912 3694 Ad
2951 3620 3271 3715 primum
3310 3620 3609 3696 veniens
3642 3621 3821 3715 dicu,

1485 3739 1682 3834 quod
1731 3747 1943 3836 poeta
1997 3740 2236 3835 primo
2268 3740 2611 3816 describit
2644 3747 3078 3836 apparatum
3123 3761 3339 3813 suum
3378 3740 3472 3813 ad
3507 3761 3823 3834 sequen-

1484 3866 1634 3935 tem
1689 3860 2070 3935 materiam
2128 3882 2353 3956 quam
2409 3861 2786 3956 proponit3
2839 3859 2963 3934 sed
3018 3860 3385 3956 praemittit
3442 3862 3822 3936 continua-

1481 3979 1754 4056 tionem
1806 3981 2170 4056 dictorum
2221 3981 2315 4056 ad
2363 3973 2665 4056 dicenda
2702 4001 2835 4076 per
2867 4002 3093 4055 unam
3138 3981 3467 4076 pulcram
3520 4002 3815 4076 compa-

1484 4101 1839 4176 rationem
1909 4106 1983 4176 et
2051 4102 2353 4194 claram,
2422 4100 2715 4177 dicens:
2786 4105 2867 4174 Io
2932 4105 3023 4176 m'
3052 4103 3339 4174 andava
3403 4121 3535 4174 con
3596 4105 3817 4193 quella

1481 4226 1723 4294 anima
1773 4243 2017 4312 carca,
2069 4222 2274 4316 idest,
2310 4221 2640 4295 Odorisio
2689 4226 2998 4296 onerato
3048 4221 3371 4334 pondere
3400 4212 3474 4312 (²)
3516 4221 3697 4315 saxi,
3748 4225 3820 4295 di

1467 4344 1668 4434 pari,
1721 4339 1924 4436 idest,
1964 4341 2237 4436 pariter
2286 4347 2361 4415 et
2410 4340 2817 4435 aequaliter,
2868 4362 3062 4414 come
3108 4341 3269 4414 huoi
3314 4342 3434 4413 che
3484 4361 3718 4414 vanno
3766 4364 3812 4414 a

1474 4467 1729 4556 9i090;
1781 4467 1856 4537 et
1907 4467 2015 4536 est
2065 4461 2357 4557 propria
2394 4462 2882 4556 comparati03
2928 4461 3348 4536 sicutenim
3398 4467 3655 4536 taurus
3691 4483 3818 4536 su-

1473 4585 1745 4678 perbus
1794 4583 2088 4678 ponitur
2139 4583 2278 4656 sub
2319 4583 2589 4677 jugum
2648 4587 2729 4656 ut
2789 4581 3135 4657 dometur
3196 4587 3273 4655 et
3336 4582 3463 4656 fiat
3526 4582 3819 4656 humilis

1475 4710 1547 4778 et
1601 4710 2047 4798 mansuetuS‚
2099 4704 2197 4779 ita
2250 4703 2445 4800 quod
2497 4703 2704 4778 discit
2754 4724 2899 4777 non
2953 4703 3171 4779 ferire
3218 4702 3530 4799 amplius
3582 4724 3810 4779 cornu

1473 4827 1588 4901 vel
1641 4825 1853 4920 pede3
1908 4825 2005 4900 ita
2061 4845 2257 4900 nunc
2302 4824 2674 4898 Odorisius
2724 4824 3088 4920 superbus
3138 4823 3413 4920 positus
3462 4830 3626 4899 erat
3674 4825 3813 4898 sub

1599 5089 1654 5152 (¹)
1685 5091 1794 5145 ¹1⁷,
1827 5087 2042 5138 effectus
2073 5088 2433 5152 superborum.
2816 5087 2871 5154 (⁸)
2904 5091 2966 5140 E.
3000 5090 3227 5153 pondere
3258 5089 3510 5154 superbio
3542 5091 3668 5139 saxi.
