4392 6850
1405 957 1684 1015 CANTUS
1729 960 2058 1014 TERTIUS·
2767 949 2855 1014 10
2868 949 2901 1013 1

559 1106 854 1184 dicens:
917 1126 1138 1182 senza
1185 1113 1432 1180 vostra
1477 1107 1818 1180 dimanda
1865 1109 1937 1179 io
1987 1107 2058 1180 vi
2103 1109 2447 1200 confesse,
2498 1103 2704 1201 idest,
2760 1125 2907 1180 non

564 1235 890 1324 rogatus,
958 1246 1108 1302 non
1183 1224 1602 1321 requisitus,
1665 1229 1786 1300 che
1844 1233 2080 1320 questo
2140 1219 2180 1300 ὀ
2244 1247 2463 1319 corpo
2523 1247 2739 1300 aman
2789 1227 2913 1300 cloe

563 1352 679 1424 voi
725 1351 978 1439 vedete,
1029 1345 1238 1441 quasi
1287 1345 1528 1420 dicat:
1581 1346 1716 1422 iste
1765 1347 2007 1422 socius
2043 1367 2259 1422 meus
2300 1354 2411 1423 est
2445 1347 2699 1423 vivens
2733 1368 2906 1422 cum

565 1487 904 1564 corpore,
941 1487 1082 1559 pet·
1139 1469 1252 1540 cui
1297 1469 1354 1540 il
1405 1469 1588 1540 lume
1635 1469 1754 1542 del
1795 1471 1940 1542 sole
1983 1471 2058 1541 in
2107 1477 2307 1542 terra
2356 1465 2397 1543 e*
2435 1472 2649 1563 ses-³0,
2704 1468 2909 1562 idest,

563 1587 928 1682 divisum3
981 1593 1056 1662 et
1086 1578 1158 1679 (¹)
1225 1585 1436 1662 ideo:
1497 1607 1642 1660 non
1707 1589 1780 1660 vi
1843 1591 2349 1680 meraviyliate,
2414 1587 2581 1662 licet
2651 1608 2769 1662 res
2819 1588 2912 1662 sit

569 1706 782 1784 valde
831 1706 1206 1802 mirabilis,
1261 1727 1430 1801 quae
1479 1729 1862 1801 nunquam
1911 1707 2092 1782 alias
2132 1707 2291 1802 fuit,
2324 1708 2497 1803 quia
2540 1707 2675 1782 iste
2713 1707 2913 1783 venit

567 1848 666 1906 ex
713 1827 1004 1922 speciali
1053 1826 1288 1924 gratia
1337 1827 1505 1902 data
1557 1826 1690 1901 sibi
1739 1849 1786 1901 a
1836 1828 2028 1923 De03
2085 1827 2279 1902 unde
2322 1827 2535 1902 dicit:
2589 1849 2709 1900 ma
2756 1849 2913 1900 cre·

569 1949 720 2022 dete
781 1949 902 2020 che
966 1967 1196 2038 cerea,
1253 1945 1392 2022 iste
1452 1946 1690 2042 vivuS,
1753 1951 1832 2022 di
1883 1950 2285 2022 soverclaeiar
2348 1955 2585 2040 questa
2641 1954 2913 2041 parete,

571 2067 777 2162 idest,
830 2063 1346 2142 transcendere
1396 2065 1620 2140 istum
1685 2073 2012 2142 montem
2073 2068 2308 2143 altum
2377 2075 2452 2142 et
2502 2073 2787 2142 rectum
2842 2067 2917 2140 in

571 2187 878 2264 modum
933 2185 1148 2262 muri.
1201 2187 1286 2260 Et
1336 2186 1648 2262 finaliter
1699 2194 1912 2282 poeta
1962 2187 2299 2284 ostendit,
2351 2187 2547 2283 quod
2600 2187 2724 2279 illi,
2776 2187 2916 2262 hoc

569 2309 845 2401 audito,
879 2307 1124 2382 statim
1158 2307 1574 2384 docuerunt
1607 2307 1804 2383 viam
1840 2329 1974 2404 pro
2013 2299 2086 2402 (²)
2125 2330 2275 2405 qua
2318 2309 2659 2406 Virgilius
2704 2306 2919 2382 adiu-

570 2434 779 2506 verat
806 2417 882 2520 (³)
936 2447 1064 2502 eos
1119 2445 1166 2502 a
1215 2427 1618 2523 principi03
1679 2427 1878 2504 unde
1939 2429 2435 2504 continuative
2495 2428 2711 2502 dicit:
2776 2418 2919 2500 cosi

572 2553 627 2624 il
671 2556 1008 2640 maestro,
1057 2549 1338 2644 supple,
1391 2547 1732 2646 Virgilius
1782 2548 2006 2624 dixit:
2059 2570 2098 2621 e
2147 2551 2375 2640 quella
2414 2555 2612 2640 yeme
2658 2549 2919 2639 deyna,

575 2668 848 2746 scilicet
896 2665 1370 2764 perveniendi
1418 2668 1810 2763 aliquando
1858 2669 1952 2744 ad
1985 2667 2527 2765 purgatorium,
2569 2667 2741 2763 quia
2776 2667 2920 2741 sal·-

575 2795 728 2864 tem
776 2789 1119 2884 poenituit
1167 2789 1242 2864 in
1293 2795 1554 2884 morte,
1605 2792 1788 2864 disse
1811 2815 1834 2862 .·
1883 2797 2184 2881 tornato,
2231 2787 2621 2864 ostendens
2670 2787 2919 2863 locum

581 2909 942 3004 introitus
991 2912 1250 2984 intrate
1279 2912 1574 2984 innanzi
1605 2913 1905 3002 dunque,
1941 2909 2114 3004 quia
2151 2915 2503 3004 tanquam
2554 2909 2921 3005 digniores

577 3029 858 3106 debetis
906 3031 1348 3125 praecedere,
1399 3030 1572 3124 quia
1623 3030 1758 3105 iste
1809 3030 2020 3105 vivus
2068 3027 2381 3126 providit
2444 3027 2580 3102 sibi
2638 3028 2923 3104 meliori

579 3158 916 3248 tempore
965 3172 1190 3245 quam
1243 3172 1376 3227 uos
1406 3139 1482 3244 (⁴)
1523 3151 1746 3245 tardi3
1799 3157 1876 3226 et
1913 3151 2128 3226 dicit:
2179 3153 2293 3224 coi
2321 3151 2513 3224 dossa·
2540 3152 2629 3224 de
2660 3152 2723 3223 le
2754 3169 2925 3223 man

572 3276 874 3368 jacendo
931 3276 1254 3366 inseona,
1327 3271 1598 3347 scilicet
1647 3271 2148 3366 sequentibus,
2219 3276 2594 3367 portantes
2658 3289 2925 3344 manus

577 3393 762 3469 altas
837 3399 1120 3469 erectas
1194 3412 1519 3487 sursum,
1578 3391 2044 3469 ostendentes
2111 3391 2307 3466 viam
2372 3389 2831 3466 venientibus
2878 3409 2925 3465 a

583 3514 824 3611 longe.
873 3514 964 3589 Et
1014 3534 1191 3591 vere
1240 3512 1584 3611 Virgilius
1631 3520 1708 3588 et
1756 3514 2026 3589 Dantes
2073 3533 2250 3588 cum
2300 3511 2577 3587 dextris
2616 3510 2767 3586 suis
2818 3512 2927 3587 fe-

577 3641 843 3711 cerunt
892 3634 1088 3710 viam
1139 3634 1388 3710 multis
1437 3632 1529 3709 ad
1579 3633 1954 3709 virtutem.

729 3759 820 3829 Et
863 3773 958 3829 nn
1007 3757 1084 3829 di
1129 3756 1310 3827 loro.
1361 3755 1504 3829 Ista
1553 3760 1664 3829 est
1729 3753 1944 3829 tertia
2003 3758 2079 3827 et
2141 3752 2402 3827 ultima
2465 3772 2635 3847 pars
2703 3750 2925 3827 huius

578 3871 775 3951 tertii
823 3873 1142 3970 capituli,
1211 3874 1290 3949 in·
1345 3893 1498 3968 qua
1553 3880 1768 3970 poeta
1827 3871 2225 3947 introducit
2286 3892 2519 3945 unum
2588 3871 2927 3968 spiritum

582 3992 1026 4069 modernum
1079 3993 1438 4069 illustrem
1489 3992 1618 4087 qui
1665 3992 1802 4067 fuit
1854 3991 2178 4069 maxime
2228 3990 2528 4066 infestus
2578 3991 2923 4067 ecclesiae.

585 4112 674 4188 Et
721 4113 964 4209 primo
1017 4114 1389 4209 praemittit
1437 4115 1846 4190 orationem
1898 4113 2088 4188 illius
2135 4112 2231 4187 ad
2264 4132 2345 4187 se
2378 4110 2660 4187 dicens:
2714 4118 2805 4185 Et
2832 4133 2931 4187 un

585 4240 658 4312 di
689 4240 871 4311 loro.
916 4236 1046 4313 Hic
1081 4244 1244 4313 erat
1277 4258 1408 4313 rex
1443 4237 1882 4331 Manfredus,
1909 4236 2059 4311 dux
2091 4227 2164 4329 (⁵)
2204 4234 2691 4330 principaliter
2725 4232 2929 4307 istius

587 4364 804 4435 sectae
851 4356 1296 4453 animarum,
1331 4348 1768 4449 incomincio,
1808 4355 2088 4453 supple,
2128 4354 2375 4430 dicere
2424 4353 2637 4427 mihi:
2688 4355 2931 4427 chinn-

585 4498 714 4571 σιω
761 4486 834 4553 tu
879 4482 1003 4571 sie,
1055 4478 1264 4575 idest,
1315 4478 1772 4574 quicumque
1821 4484 1901 4552 tu
1955 4475 2073 4571 sis,
2125 4476 2201 4549 in
2259 4494 2411 4569 quo
2471 4480 2753 4549 tantum
2808 4495 2931 4549 re·-

589 4600 784 4675 lucet
831 4598 1068 4696 gratia
1120 4599 1274 4695 Dei,
1325 4599 1521 4693 quod
1577 4598 1788 4673 vivus
1823 4596 2026 4673 vadis
2058 4593 2408 4670 velociter
2442 4593 2536 4669 ad
2576 4600 2929 4689 montem,

583 4714 728 4795 cosi
775 4722 1141 4814 undando,
1191 4718 1490 4815 scilicet,
1547 4738 1643 4795 ne
1703 4718 1966 4813 perdas
2029 4722 2347 4811 tempuS‚
2398 4716 2589 4805 votyi
2644 4716 2699 4786 il
2756 4717 2933 4805 υιζςο,

586 4842 758 4937 quia
798 4840 956 4936 ¹iam
1007 4846 1224 4935 poeta
1277 4840 1614 4915 vertebat
1645 4839 1782 4913 sibi
1818 4844 2112 4935 tergum
2149 4834 2621 4911 retrocedens
2651 4823 2752 4927 (⁸),
2783 4855 2933 4927 pon

717 5025 773 5089 (¹)
807 5030 917 5085 117,
949 5031 1005 5077 et
1034 5027 1176 5078 dicit.
1373 5026 1428 5087 (ἢ
1462 5031 1571 5085 117,
1605 5038 1701 5090 per
1729 5038 1906 5090 quam.
2360 5020 2415 5085 (⁸)
2448 5022 2509 5071 E.
2543 5021 2787 5072 adiverat.

716 5101 772 5167 (⁸)
803 5102 866 5153 Β.
901 5115 1007 5155 voc.
1373 5102 1430 5167 (¹)
1460 5102 1522 5154 B.
1555 5115 1586 5152 ο
1618 5106 1730 5163 117,
1761 5102 1867 5152 dux
1900 5100 2214 5165 principalis.
2362 5096 2417 5162 (⁸)
2450 5097 2512 5148 Β.
2546 5096 2808 5148 recedens.
