4392 6850
1512 958 1653 1023 472
2229 965 2636 1023 couEN'ruu
2683 966 3126 1023 runossolul

1512 1114 1587 1187 in
1608 1152 1612 1155 ·
1637 1112 2082 1207 proximum,
2127 1113 2191 1183 si
2228 1114 2495 1203 pianye
2543 1106 2852 1203 quayyin
2883 1112 2960 1185 di
2994 1118 3202 1202 sotto,
3241 1109 3448 1205 idest,
3489 1115 3856 1206 purgatur

1514 1236 1588 1309 in
1638 1234 1873 1307 tribus
1928 1230 2220 1306 circulis
2267 1230 2754 1327 inferioribuS‚
2797 1231 2890 1307 de
2941 1231 3210 1325 quihus
3249 1232 3409 1327 jam
3466 1236 3858 1305 tractatum

1509 1361 1641 1450 est,
1692 1354 1793 1428 ita
1848 1352 2049 1447 quod
2122 1350 2416 1445 respicit
2471 1352 2566 1426 ad
2631 1351 2876 1427 locum
2929 1372 3076 1426 non
3134 1352 3230 1427 ad
3277 1351 3574 1426 librum.
3602 1390 3703 1404 —
3737 1354 3857 1425 Or.

1512 1477 1722 1551 Nunc
1756 1473 2095 1570 Virgilius
2144 1472 2476 1566 procedit
2513 1473 2609 1548 ad
2648 1471 3246 1569 distinguendum
3281 1492 3618 1547 amorem
3661 1471 3851 1562 honi,

1517 1602 1599 1669 ut
1648 1594 1981 1670 ostendat
2030 1612 2197 1687 quae
2247 1601 2548 1688 peccata
2597 1592 3164 1667 committuntur
3213 1594 3408 1667 circa
3459 1593 3722 1688 ipsum.
3765 1592 3852 1665 Et

1516 1716 1755 1811 primo
1805 1713 2061 1789 invitat
2108 1717 2449 1787 autorem
2501 1712 2596 1786 ad
2645 1712 3121 1787 attentionem
3165 1712 3470 1787 alterius
3513 1711 3850 1805 membri,

1518 1834 1801 1911 dicens:
1864 1838 1969 1909 Or
2018 1836 2127 1907 vo'
2150 1834 2272 1907 che
2319 1840 2391 1907 tu
2439 1834 2598 1906 dell'
2621 1834 2810 1905 altro
2856 1834 3158 1921 intende,
3205 1831 3410 1926 idest,
3445 1832 3614 1907 volo
3656 1830 3850 1925 quod

1517 1953 1873 2051 intelligas
1934 1953 2027 2028 de
2084 1952 2228 2027 aiio
2291 1971 2572 2045 amore,
2624 1951 2896 2026 scilicet
2959 1952 3171 2047 honi;
3227 1950 3422 2026 unde
3471 1950 3686 2026 dicit:
3737 1952 3854 2023 che

1514 2096 1723 2147 corre
1770 2076 1851 2147 al
1896 2073 2023 2146 ben
2052 2094 2185 2145 con
2225 2074 2476 2145 ordine
2507 2078 2838 2145 corrono.
2875 2071 3152 2169 Deinde
3183 2072 3438 2145 volens
3469 2070 3854 2146 ostendere

1518 2196 1713 2270 unde
1746 2194 2029 2269 oriatur
2062 2191 2338 2267 accidia
2371 2191 2747 2287 praemittit
2783 2212 3016 2265 unum
3045 2192 3394 2288 generale
3420 2190 3850 2287 principium

1516 2313 2010 2391 necessarium
2078 2312 2174 2387 ad
2239 2312 2402 2405 hoc,
2469 2312 2754 2388 dicens:
2821 2316 3098 2386 ciascun
3179 2316 3692 2407 confiasamente
3762 2334 3856 2385 un

1518 2437 1683 2509 bene
1715 2436 2101 2529 apprende,
2138 2432 2342 2527 idest,
2377 2433 2749 2529 cognoscit
2781 2454 3018 2507 unum
3061 2454 3330 2509 verum
3363 2441 3439 2509 et
3473 2454 3851 2507 summum

1519 2555 1824 2647 honum,
1877 2553 2050 2648 quia
2102 2551 2349 2627 nullus
2397 2559 2506 2629 est
2559 2560 2710 2627 tam
2761 2552 3124 2629 barbarus
3189 2553 3318 2648 qui
3377 2574 3524 2628 non
3585 2574 3855 2651 cogno-

1416 2662 1421 2665 ’
1523 2681 1679 2749 scat
1736 2673 1809 2747 in
1868 2673 2173 2748 confuso
2223 2672 2460 2749 Deum
2525 2694 2710 2769 esse,
2769 2677 2885 2748 nel
2935 2677 3107 2767 qual
3157 2678 3224 2748 si
3279 2678 3460 2766 quen·
3519 2662 3564 2747 l’
3589 2677 3850 2767 animo,

1524 2792 1697 2888 quia
1746 2792 1871 2867 tali
1919 2793 2115 2867 hono
2164 2794 2620 2888 apprehenso
2671 2794 2848 2867 nihil
2897 2794 3208 2869 ulterius
3255 2792 3675 2869 desiderare
3723 2816 3852 2890 po-

1526 2920 1715 3008 test3
1768 2912 1933 2989 ideo
1982 2912 2187 2987 dicit:
2257 2935 2296 2987 e
2355 2916 2621 3005 desira,
2671 2913 2877 3009 idest,
2926 2914 3288 2991 desiderat
3345 2914 3520 2991 illud
3577 2916 3850 2989 bonum

1524 3032 1721 3129 quod
1781 3038 2001 3128 patet,
2053 3029 2315 3126 perche*
2369 3036 2650 3107 ciascun
2709 3038 3068 3126 contende,
3129 3034 3331 3130 idest,
3393 3045 3726 3129 conatur,
3783 3036 3857 3109 di

1522 3159 1819 3249 yiuyner
1868 3156 1989 3246 lui,
2038 3152 2244 3248 idest,
2297 3153 2474 3229 illud
2523 3154 2822 3229 bonum.
2877 3155 3097 3253 Ergo,
3146 3178 3222 3230 se
3269 3158 3450 3230 lento
3501 3176 3746 3229 amore
3781 3158 3854 3228 in

1524 3278 1623 3351 lm·
1668 3275 1879 3349 veder
1929 3278 2001 3347 vi
2048 3277 2216 3365 lira,
2267 3273 2560 3368 scilicet,
2611 3276 2706 3350 ad
2755 3276 2995 3371 ipsum
3055 3276 3668 3379 cognoscendum,
3717 3298 3763 3349 o
3811 3296 3858 3349 a

1527 3400 1627 3472 lui
1670 3398 2089 3489 acquistare,
2138 3392 2346 3490 idest,
2399 3396 2515 3470 vel
2567 3395 2661 3470 ad
2711 3395 2950 3492 ipsum
2993 3396 3520 3492 requirendum
3555 3388 3658 3491 (¹),
3697 3416 3860 3489 que-

1522 3525 1635 3592 sta
1682 3519 1985 3606 cornice,
2036 3514 2241 3608 idest,
2293 3515 2430 3590 iste
2478 3516 2800 3590 circulus
2863 3524 3198 3612 quanm,
3249 3538 3332 3590 ve
3395 3538 3486 3590 ne
3533 3511 3858 3608 marum,

1526 3637 1732 3730 idest,
1783 3634 2012 3731 punit,
2062 3638 2249 3728 dopo
2278 3639 2506 3726 ynasco
2549 3637 2806 3728 pentir,
2851 3637 3023 3730 quia
3071 3637 3316 3712 nuilus
3365 3636 3458 3712 ad
3510 3644 3860 3733 purgato-

1528 3758 1722 3832 rium
1773 3755 2050 3830 accedit
2118 3755 2253 3830 nisi
2311 3756 2514 3850 juste
2572 3755 2968 3850 poe'nitens;
3022 3763 3096 3830 et
3155 3757 3291 3831 iste
3349 3776 3564 3830 amor
3625 3756 3860 3830 lentus

1528 3881 1839 3952 vocatur
1888 3873 2183 3950 accidia.
2211 3877 2556 3948 -Allra
2609 3875 2740 3949 Hic
2799 3875 3059 3950 ultimo
3123 3876 3464 3973 Virgilius
3522 3875 3859 3950 describit

1528 3994 1726 4070 aliud
1778 3995 2055 4070 bonum
2105 3995 2627 4070 secundarium
2659 4015 2708 4070 a
2740 4015 2891 4090 quo
2925 3996 3269 4071 oriuntur
3317 3997 3459 4072 alia
3493 3996 3632 4070 tria
3667 3996 3856 4072 vitia.

1529 4117 1713 4192 Dicit
1764 4137 1977 4213 ergo:
2029 4119 2233 4190 Auro
2282 4117 2447 4190 bene
2494 4111 2558 4208 ἐ,
2609 4115 2899 4210 scilicet,
2943 4117 3486 4212 secundarium,
3527 4118 3860 4213 volupta-

1532 4238 1726 4311 rium
1764 4227 1865 4332 (²),
1900 4238 2019 4311 che
2066 4257 2211 4312 non
2254 4241 2337 4330 sa
2387 4238 2434 4309 l’
2457 4257 2622 4310 uom
2665 4240 2890 4331 selice,
2929 4237 3116 4311 sicut
3149 4237 3320 4313 facit
3355 4238 3677 4333 primum
3727 4241 3859 4314 bo-

1530 4377 1755 4451 num3
1808 4363 1883 4430 et
1931 4357 2073 4432 hoc
2120 4357 2423 4451 honum,
2473 4377 2616 4432 non
2667 4353 2710 4431 ἐ
2748 4347 3031 4450 felicita,
3081 4356 3352 4433 scilicet
3401 4379 3601 4452 vera,
3635 4379 3780 4432 non
3827 4357 3865 4433 e*

1528 4481 1603 4552 la
1635 4479 1895 4569 buona,
1928 4477 2221 4572 scilicet,
2257 4477 2630 4553 beatitudo
2659 4467 2776 4572 (³);
2811 4477 2974 4552 ideo
3006 4476 3216 4553 dicit:
3253 4500 3292 4552 e
3322 4482 3396 4553 la
3426 4482 3694 4571 radice,
3729 4481 3864 4556 sci-.

1530 4599 1719 4692 licet,
1776 4598 1937 4672 talis
1986 4596 2158 4674 boni
2208 4596 2509 4690 fortuiti,
2561 4593 2602 4672 e*
2645 4617 2862 4671 senza
2911 4601 3120 4672 alcun
3168 4599 3352 4672 baon
3393 4603 3640 4693 sruuo,
3699 4599 3864 4694 quia

1530 4739 1679 4793 non
1728 4719 1913 4813 parit
1949 4737 2205 4793 veram
2239 4716 2786 4793 beatitudinem.
2824 4717 3058 4814 Ergo:
3095 4721 3142 4792 ἴ
3167 4739 3378 4792 amor
3409 4721 3530 4792 cloe
3561 4721 3663 4792 ad
3691 4741 3864 4812 esso,

1532 4838 1825 4933 scilicet,
1860 4839 2033 4912 huic
2081 4839 2275 4912 bono
2326 4837 2585 4932 fallaci,
2627 4845 2878 4930 ενορρο
2927 4839 3439 4930 s'abbandona,
3473 4838 3688 4913 nimis
3730 4841 3865 4913 im-

1660 5095 1715 5160 (¹)
1748 5096 1799 5146 S.
1830 5109 1861 5146 e
1892 5096 1955 5148 Ε.
1987 5097 2378 5162 acquirendum.
2533 5094 2588 5159 (Ἴ
2619 5095 2668 5146 S.
2705 5097 3071 5148 voluntarium.
3217 5097 3270 5160 (⁸)
3305 5101 3412 5158 11¹1,
3443 5097 3560 5148 talis
3593 5097 3864 5150 beatitudo.
