4392 6850
1240 990 1524 1046 CAN-rus
1572 991 1886 1048 uncinus
1931 993 2287 1060 QUARTUS.
2790 981 2929 1050 377

579 1145 692 1214 est
723 1139 960 1213 multo
994 1136 1294 1212 brevius
1325 1136 1680 1232 spatium3
1716 1159 1890 1215 nam
1917 1138 2186 1234 AmuS,
2212 1140 2341 1235 qni
2379 1141 2703 1216 nascitur
2739 1141 2930 1217 rorte

581 1279 714 1356 per
765 1257 1018 1355 viginti
1087 1257 1422 1332 milliaria
1491 1258 1710 1354 longe
1755 1281 1804 1334 a
1861 1259 2254 1356 Florentia,
2324 1261 2751 1337 retroflectit
2823 1283 2928 1356 se,

583 1386 658 1454 et
708 1377 1246 1473 retrograditur
1297 1397 1430 1473 per
1483 1379 1716 1454 multa
1765 1381 2018 1476 spatia.
2055 1381 2142 1454 Et
2179 1381 2393 1456 dicit:
2428 1385 2505 1456 di
2542 1385 2735 1456 sovr’
2752 1403 2935 1476 esso,

584 1497 854 1574 scilicet
903 1497 1208 1572 flumine
1255 1499 1450 1592 apud
1509 1498 1974 1594 Florentiam,
2022 1505 2214 1575 reca’
2236 1505 2335 1593 io,
2388 1502 2569 1577 idest
2618 1503 2929 1598 portavi,

586 1625 824 1711 questa
861 1639 1200 1710 persona.
1253 1619 1344 1691 Et
1389 1617 1730 1694 secundae
1779 1620 1968 1714 parti
2017 1619 2381 1716 petitionis
2432 1643 2581 1696 non
2632 1643 2935 1718 respon-

586 1737 712 1814 det
777 1737 942 1832 quis
1007 1737 1122 1831 sit,
1201 1737 1330 1812 sed
1398 1745 1704 1814 excusat
1760 1759 1866 1832 se,
1933 1739 2216 1814 dicens:
2282 1745 2471 1815 dimi
2533 1745 2637 1816 cli’
2660 1745 2731 1815 io
2797 1745 2935 1834 sia,

586 1860 776 1932 seria
813 1859 1154 1950 par-larva·
1201 1859 1540 1950 indarno,
1591 1866 1666 1933 et
1699 1879 1876 1933 ecce
1923 1880 2251 1955 causam,
2302 1864 2422 1934 che
2458 1865 2515 1935 ’Ἰ
2554 1883 2761 1938 nome
2794 1865 2934 1938 mio

589 1997 814 2053 aanor
837 1980 1052 2051 molto
1081 1997 1228 2050 non
1255 1999 1526 2071 ,πωπω
1561 1980 1770 2073 quasi
1805 1979 2035 2054 dicat:
2069 1979 2314 2054 adbuc
2348 2001 2497 2056 non
2534 2002 2704 2054 sum
2742 1981 2935 2056 mul-

589 2107 750 2174 tum
802 2098 1148 2194 famosus,
1189 2099 1316 2174 sed
1367 2099 1512 2174 cito
1561 2119 1694 2174 ero
1744 2120 1877 2195 per
1926 2099 2056 2175 Dei
2107 2101 2447 2197 gratiam,
2492 2102 2631 2175 boc
2680 2101 2940 2176 itinere

533 2229 550 2241 “
586 2219 934 2315 perfecto.
987 2219 1074 2292 Et
1123 2239 1391 2294 verum
1442 2219 1653 2314 dicit3
1697 2241 1870 2295 nam
1905 2227 2080 2295 ante
2130 2222 2323 2295 istud
2374 2242 2558 2317 opus
2593 2242 2741 2296 non
2776 2228 2936 2297 erat

588 2347 806 2414 notus
854 2339 1066 2433 quasi
1115 2339 1248 2414 nisi
1292 2339 1480 2415 inter
1531 2359 1728 2434 suoS,
1777 2339 1904 2414 sed
1936 2361 2164 2435 opere
2204 2341 2569 2437 publicato
2604 2343 2936 2416 celebra-

589 2468 710 2534 tus
759 2460 894 2534 fuit
944 2479 1080 2554 per
1127 2466 1358 2535 totam
1407 2461 1712 2535 Italiam.
1765 2463 1854 2534 Et
1905 2461 2170 2556 subdit,-
2221 2461 2419 2556 quod
2476 2461 2597 2537 ille
2646 2463 2943 2558 spiritus

593 2579 833 2655 statim
885 2581 1406 2676 interpretatus
1455 2589 1566 2656 est
1615 2583 1892 2656 dictum
1956 2602 2205 2676 suum,
2265 2583 2549 2658 dicens:
2604 2587 2759 2676 quei
2824 2586 2943 2658 cloe

593 2703 790 2774 dioea
827 2705 1101 2794 prima,
1162 2701 1432 2776 scilicet
1498 2701 1756 2798 Guido,
1807 2703 1906 2778 mi
1963 2705 2233 2796 νίψατο
2288 2706 2559 2776 allora:
2621 2709 2691 2776 tu
2741 2707 2945 2797 parti

597 2823 896 2912 d’Arno,
947 2841 1042 2896 ex
1107 2821 1689 2917 circumstantiiS,
1753 2843 1828 2896 se
1884 2823 2050 2896 bene
2107 2843 2443 2915 accarno,
2504 2823 2710 2918 idest,
2760 2845 2939 2898 con-

599 2940 810 3036 cipio,
863 2944 908 3014 l'
934 2944 1418 3016 intendimento
1469 2950 1612 3032 tu0,
1663 2941 1848 3016 idest
1897 2941 2072 3015 illud
2137 2942 2337 3036 quod
2388 2942 2746 3039 intelligiS‚
2802 2963 2937 3018 con

597 3063 644 3134 ι’
665 3064 1015 3151 intellecto,
1065 3061 1336 3138 scilicet
1387 3083 1578 3138 mec.
1831 3161 1834 3165 ³

741 3188 808 3255 Ε
835 3185 880 3255 Γ
905 3186 1114 3256 alb-o.
1149 3184 1292 3257 Ista
1327 3189 1438 3258 est
1475 3182 1796 3258 secunda
1832 3203 2000 3278 pars
2033 3181 2397 3279 generalis
2430 3181 2505 3256 in
2539 3203 2685 3276 qua
2720 3189 2939 3278 poeta

596 3303 766 3377 facit
813 3303 1338 3399 digressionem
1369 3304 1461 3378 ad
1495 3303 2046 3379 describendam
2083 3302 2351 3378 vallem
2385 3303 2561 3377 Arni
2596 3323 2769 3378 cum
2806 3305 2943 3379 ba-

594 3426 1032 3501 bitatoribus
1082 3426 1254 3499 suiS.
1309 3426 1394 3500 Et
1444 3425 1680 3520 primo
1725 3425 2116 3501 introducit
2157 3424 2565 3499 secundum
2607 3426 2941 3520 spiritum

595 3548 724 3641 qui
776 3555 1026 3621 movet
1075 3546 1603 3622 dubitationem
1637 3547 1835 3621 socio
1869 3546 2066 3621 circa
2109 3546 2655 3641 responsionem
2694 3544 2944 3619 Dantis

595 3667 726 3762 qui
777 3687 928 3741 non
979 3666 1488 3741 nominaverat
1536 3667 1858 3760 Arnum3
1896 3666 2092 3741 unde
2141 3664 2345 3739 dicit:
2380 3670 2449 3737 E
2480 3668 2525 3737 l'
2552 3668 2768 3757 alere,
2808 3665 2948 3741 sci-

597 3787 790 3883 licet,
841 3787 1250 3883 Raynerius
1299 3787 1392 3861 de
1443 3786 1768 3881 Galbulo,
1821 3789 2004 3860 disse
2050 3807 2101 3858 a
2151 3788 2273 3877 lui,
2306 3784 2602 3879 scilicet,
2636 3786 2732 3859 illi
2766 3786 2947 3859 Gui-

603 3904 776 3981 doni
825 3906 944 3981 del
994 3905 1246 3981 Duca:
1299 3909 1539 3999 questi,
1589 3905 1881 3999 scilicet,
1937 3904 2174 3979 incola
2224 3904 2423 4012 Arni,
2478 3898 2735 3996 perche*
2810 3926 2947 3992 na·-

599 4048 820 4118 scose,
889 4046 1020 4122 per
1083 4026 1812 4103 circumlocutionem
1876 4025 2306 4117 verborum,
2388 4028 2445 4097 il
2510 4026 2801 4098 vocabo!
2872 4028 2949 4099 di

601 4152 834 4243 quella
881 4150 1150 4239 rivera,
1201 4146 1409 4241 idest,
1460 4165 1731 4221 nomen
1781 4145 1958 4219 Arni
2007 4166 2054 4220 a
2105 4144 2342 4239 simili,
2385 4166 2533 4239 pur
2592 4148 2943 4219 com’uom

597 4274 683 4365 Ῑὶι
731 4270 889 4343 dele
917 4268 1195 4341 orribili
1241 4272 1452 4340 cose?
1482 4266 1666 4341 Nam
1723 4286 1846 4340 res
1894 4266 2295 4340 inhonestae
2346 4272 2420 4339 et
2470 4264 2777 4340 infames
2826 4286 2948 4339 so-

603 4393 758 4466 lent
807 4390 1038 4465 velari
1087 4388 1226 4463 sub
1275 4388 1416 4463 alia
1453 4388 1690 4461 forma
1725 4387 2166 4480 verborum3
2210 4386 2399 4461 sicut
2438 4393 2653 4481 poeta
2702 4393 2951 4461 noster

607 4512 870 4607 pulcre
917 4520 994 4586 et
1041 4510 1346 4585 honeste
1396 4508 1560 4583 facit
1610 4507 1878 4582 Inferni
1915 4508 2235 4602 capitulo
2280 4506 2500 4601 XXV,
2538 4506 2665 4583 ubi
2700 4508 2952 4581 volens

607 4631 994 4707 nominare
1047 4628 1254 4705 virile
1303 4629 1751 4722 membrum,
1793 4628 2003 4703 dicit:
2055 4634 2156 4701 Lo
2206 4628 2517 4703 membro
2566 4629 2686 4701 che
2735 4628 2953 4701 Fuom

607 4755 802 4846 cela,·
863 4761 938 4827 et
1003 4750 1188 4824 infra
1254 4750 1446 4824 XXV
1506 4748 1824 4844 capitulo
1886 4748 2324 4844 purgatorii,
2386 4748 2639 4823 volens
2707 4746 2955 4823 dicere

610 4871 811 4968 quod
861 4890 1156 4965 sperma
1205 4868 1572 4944 descendit
1621 4867 1714 4942 ad
1765 4868 2160 4962 testiculoS,
2223 4867 2431 4942 dicit:
2489 4870 2735 4940 scende
2784 4867 2893 4939 ου’
2918 4866 2958 4942 e'

603 4990 728 5089 pini
779 4993 886 5064 bel
931 4998 1123 5065 lacer
1169 4992 1288 5063 che
1337 4993 1490 5064 dire
1501 5016 1532 5083 ,·
1567 4998 1642 5064 et
1693 4988 1792 5065 ita
1843 4988 1936 5065 de
1987 4988 2257 5064 multis
2292 4988 2385 5063 Et
2417 4986 2616 5083 ponit
2651 5006 2955 5081 respon-

611 5114 894 5189 sionem
946 5112 1144 5207 socii,
1196 5112 1321 5205 qui
1371 5110 1543 5185 dicit
1589 5130 1670 5185 se
1719 5110 2065 5207 ignorare
2127 5128 2428 5185 causam
2492 5128 2772 5200 veram,
2824 5109 2950 5183 sed
