4392 6850
41 741 67 1824 *Μ*-

1482 793 1623 861 538
2192 804 2600 861 coumvrum
2649 806 3094 863 runGA‘ronn

1476 948 1778 1025 damnat
1836 950 2333 1045 multipliciter
2395 952 2808 1043 avaritiam,
2867 950 3256 1026 ostendens
3322 952 3576 1045 quales
3645 958 3818 1025 sunt

1476 1071 1761 1146 fructus
1796 1070 1987 1145 eius:
2044 1077 2119 1145 et
2168 1070 2406 1165 primo
2456 1072 2766 1147 ostendit
2816 1072 3130 1166 qualiter
3169 1070 3384 1167 Hugo
3427 1070 3816 1165 respondet

1476 1190 1571 1265 ad
1623 1190 2018 1267 secundam
2054 1184 2126 1283 (')
2170 1192 2618 1287 petitionem,
2672 1213 2820 1285 qua
2872 1191 3230 1287 petiverat
3277 1212 3527 1287 supra,
3580 1213 3817 1287 quare

1478 1312 1679 1385 solus
1730 1312 2230 1387 renovellabat
2281 1312 2436 1386 illas
2485 1312 2740 1409 dignas
2789 1312 3064 1387 laudes.
3103 1311 3283 1387 Dicit
3333 1333 3514 1409 ergo
3565 1314 3815 1409 Hugo:

1488 1425 1609 1506 Cic)
1660 1434 1762 1505 cli'
1786 1436 1856 1505 io
1907 1433 2127 1525 dicea,
2180 1452 2356 1507 cum
2406 1432 2698 1527 planctu
2749 1432 2894 1528 pio,
2933 1435 3010 1505 di
3058 1434 3284 1523 quella
3333 1436 3540 1507 unica
3605 1454 3820 1525 sposa

1480 1554 1661 1626 dello
1696 1555 1955 1645 Spirilo
2004 1559 2234 1644 santo,
2279 1552 2483 1647 idest,
2534 1551 2626 1627 de
2675 1552 3026 1649 singulari
3078 1552 3362 1649 virgine
3411 1552 3633 1627 Maria
3689 1552 3819 1627 de·-

1481 1678 1783 1747 cantans
1835 1678 2342 1767 paupertatem
2395 1672 2594 1767 eius3
2630 1694 2668 1745 e
2699 1675 2818 1745 che
2867 1676 2920 1746 ei
2957 1677 3108 1768 fece
3157 1676 3399 1765 volyer
3437 1692 3640 1745 verso
3683 1693 3817 1763 me,

1482 1798 1567 1865 ut
1606 1792 1767 1886 jam
1820 1791 2095 1865 dictum
2150 1798 2262 1866 est
2319 1812 2563 1886 supra,
2617 1792 2814 1885 quod
2846 1776 3098 1867 'traxit
3165 1812 3248 1868 se
3311 1792 3639 1886 ulteriuS,
3679 1813 3818 1885 per

1480 1915 1740 2010 alcuna
1790 1914 2051 2003 chiesa,
2092 1910 2296 2006 idest,
2331 1920 2629 2008 propter
2679 1912 2908 1987 verba
2949 1920 3198 1987 secuta
3236 1913 3309 1987 in
3349 1912 3644 1987 laudem
3678 1913 3819 1986 Fa-

1481 2030 1714 2124 bricii,
1766 2049 1935 2125 quae
1983 2031 2286 2105 fuerunt
2332 2032 2812 2105 declaratoria
2867 2032 3082 2127 primi
3131 2031 3324 2125 dicti,
3378 2040 3582 2107 tanto.
3619 2027 3658 2105 e*
3703 2034 3820 2105 di-

1479 2158 1715 2243 sposta
1766 2170 1815 2221 a
1859 2158 2016 2224 cutte
2049 2158 2288 2223 nostre
2313 2171 2546 2242 prece,
2583 2150 2784 2245 idest,
2822 2152 3160 2245 precibus
3195 2172 3380 2247 quas
3415 2151 3720 2225 facimus
3737 2142 3812 2244 (²)

1482 2270 1867 2363 cantandO,
1932 2270 2198 2365 quibus
2270 2270 2708 2366 respondent
2773 2270 2894 2349 alii
2961 2270 3276 2367 spiritus,
3353 2274 3588 2363 quant
3613 2274 3677 2345 el
3747 2264 3820 2345 di

1484 2394 1699 2481 dura,
1752 2390 1958 2483 quasi
2008 2390 2236 2465 dicat:
2285 2391 2522 2463 solum
2570 2390 2662 2465 de
2711 2390 2829 2466 die
2879 2391 3186 2465 facimus
3240 2391 3456 2467 talem
3520 2390 3822 2466 cantile-

1488 2532 1700 2604 nam3
1728 2532 1847 2582 ma
1880 2512 2163 2601 quando
2186 2513 2239 2584 ’l
2265 2512 2655 2600 s’annotta,
2683 2510 2884 2604 idest,
2912 2510 3346 2586 adveniente
3379 2518 3612 2603 nocte,
3649 2532 3819 2585 con-

1486 2634 1717 2704 trario
1764 2651 1941 2703 saon
1970 2632 2354 2723 prendemo
2385 2634 2462 2703 in
2494 2633 2722 2721 quella
2755 2650 2936 2720 vece,
2972 2630 3178 2723 quasi
3213 2630 3438 2705 dicat:
3473 2630 3566 2705 de
3603 2638 3816 2707 nocte

1485 2756 1870 2825 cantamus
1904 2750 2316 2825 cantionem
2355 2755 2556 2824 recte
2589 2749 3056 2825 contrariam.
3093 2750 3180 2823 Et
3229 2749 3345 2823 hic
3397 2756 3566 2824 nota
3619 2751 3815 2844 quod

1332 2937 1345 2951 ,
1484 2870 1959 2943 contrarietas
1996 2876 2137 2943 stat
2178 2868 2252 2942 in
2292 2870 2453 2963 hoc,
2489 2869 2686 2963 quod
2722 2868 3070 2945 nominati
3106 2869 3178 2941 in
3213 2868 3450 2965 prima
3485 2870 3822 2945 cantione

1484 2989 1749 3064 diurna
1801 2990 2106 3063 fuerunt
2160 2988 2577 3064 amicissimi
2629 2989 3076 3085 paupertatis
3137 2997 3212 3063 et
3271 2989 3670 3087 largitatis3
3723 2990 3822 3065 ilii

1487 3131 1665 3185 vero
1717 3110 1809 3185 de
1860 3110 2129 3204 quibus
2178 3109 2260 3183 fit
2311 3109 2583 3185 mentio
2634 3110 2707 3183 in
2757 3110 3094 3184 cantione
3127 3117 3486 3185 nocturna
3522 3112 3823 3185 fuerunt

1485 3232 1697 3306 amici
1767 3231 2092 3307 avaritiae
2152 3237 2226 3307 et
2285 3230 2712 3327 cupiditatis.
2779 3232 2961 3305 Nota
3027 3230 3246 3306 etiam
3313 3231 3508 3325 quod
3569 3232 3824 3307 laudes

1488 3353 1840 3450 largitatis
1899 3358 2292 3428 cantantur
2351 3352 2424 3426 in
2483 3350 2622 3447 die,
2675 3352 2846 3446 quia
2909 3351 3206 3447 largitas
3267 3351 3434 3427 facit
3491 3352 3824 3428 homines

1488 3475 1767 3566 claros3
1819 3472 1946 3547 sed
1982 3471 2280 3546 infamia
2321 3471 2648 3546 avaritiae
2685 3479 3024 3549 cantatur
3058 3472 3134 3546 in
3169 3480 3406 3567 nocte,
3439 3474 3609 3566 quia
3646 3493 3824 3548 ava-

1486 3595 1651 3669 ritia
1693 3583 1873 3668 'facit
1924 3592 2256 3667 homines
2305 3592 2678 3666 obscuros.
2706 3633 2806 3646 —
2833 3595 2988 3666 Noi.
3043 3593 3170 3668 Hic
3209 3593 3423 3690 nugo
3457 3594 3826 3688 percurrit

1487 3714 1809 3789 breviter
1845 3713 2077 3805 multa
2110 3711 2551 3806 improperia
2587 3733 3012 3807 avarorum,
3049 3719 3124 3787 et
3157 3715 3396 3808 primo
3433 3714 3821 3804 avaritiam

1490 3833 1997 3931 PygmalioniS,
2032 3831 2159 3926 qui
2202 3831 2430 3906 frater
2467 3831 2761 3906 Didonis
2795 3852 2987 3906 caeca
3024 3832 3414 3928 cupiditate
3457 3835 3621 3908 auri
3657 3855 3820 3908 ma-

1488 3954 1711 4028 ctavit
1741 3943 1812 4046 (³)
1868 3952 2230 4048 Sichaeum
2297 3951 2665 4026 sororium
2717 3971 2966 4046 suum,
3017 3959 3314 4047 propter
3379 3952 3574 4050 quod
3639 3952 3821 4027 Dido

1488 4075 1673 4172 sugit
1719 4074 1813 4149 de
1862 4072 2075 4169 Tyro,
2130 4077 2204 4146 et
2255 4071 2454 4146 venit
2513 4072 2585 4145 in
2647 4071 2946 4167 Lybiam
2979 4061 3080 4165 (⁴),
3137 4079 3216 4146 ut
3265 4073 3551 4148 dicetur
3602 4075 3826 4169 Para-

1486 4194 1641 4288 disi,
1694 4193 2011 4288 capitulo
2061 4192 2179 4264 IX.
2236 4191 2420 4266 Dicit
2447 4181 2563 4284 (⁵):
2619 4195 2758 4265 Noi
2803 4195 3127 4284 ripetiam
3177 4197 3444 4285 allona,
3492 4193 3696 4287 idest,
3747 4193 3822 4288 in

1472 4314 1607 4390 illa
1659 4315 1841 4406 vice,
1893 4312 2189 4406 quando
2241 4312 2322 4386 fit
2355 4332 2528 4404 nox,
2579 4317 3040 4406 Piymalione,
3073 4335 3411 4407 avarum,
3445 4316 3557 4386 cui
3587 4317 3661 4386 la
3697 4335 3824 4386 vo-

1484 4437 1631 4526 qlia
1662 4455 1795 4506 sua
1826 4435 2089 4522 altiocca
2122 4434 2282 4505 delt’
2308 4451 2468 4521 or0,
2505 4431 2707 4524 idest,
2747 4451 2968 4525 quem
3017 4434 3350 4508 voluntas
3391 4453 3526 4508 sua
3559 4432 3822 4526 cupida

1486 4555 1674 4649 auri,
1735 4558 1885 4649 fece
1944 4555 2274 4646 traditor,
2347 4549 2758 4645 rumpendo
2825 4550 3196 4626 vinculum
3259 4551 3422 4626 fidei
3487 4552 3823 4626 strictum

1614 4774 1666 4836 (¹)
1700 4774 1759 4824 E.
1791 4775 1855 4824 ad
1887 4773 2164 4824 secundam
2186 4733 2401 4838 ⁴partem
2433 4774 2710 4838 petitionis,
2743 4788 2844 4838 qua
2879 4775 3144 4836 petiverat.
3381 4771 3438 4834 (¹)
3471 4771 3532 4820 Ε.
3567 4769 3800 4820 fecimus.

1610 4849 1665 4912 (⁸)
1698 4849 1759 4901 Ε.
1794 4851 2037 4902 mactavit
2066 4850 2366 4914 Pigmaleon
2399 4850 2617 4914 ipsemet
2633 4849 2894 4900 Sichaeum
2925 4856 3202 4914 cognatum
3235 4863 3388 4899 suum
3415 4848 3583 4898 virum
3601 4847 3831 4906 Didonis,

1492 4931 1703 4992 propter
1734 4927 1890 4992 quod.
2265 4927 2321 4990 (⁸)
2353 4927 2415 4978 E.
2447 4926 2664 4978 Lidiam.
3033 4927 3088 4988 (⁸)
3122 4927 3184 4976 E.
3219 4925 3355 4976 Dicit
3387 4937 3543 4988 ergo.-
3577 4923 3688 4974 Nm‘.
