4392 6850
1469 932 1612 999 292
2183 942 2595 999 comam-tm
2644 944 3085 1001 PURGAToml

1467 1110 1612 1163 non
1663 1096 1835 1163 sunt
1884 1088 2265 1183 homines3
2317 1088 2443 1163 sed
2498 1109 2705 1163 mens
2754 1088 2970 1163 dicit:
3024 1090 3174 1163 imo
3225 1096 3415 1163 sunt.
3472 1090 3559 1162 Et
3610 1087 3811 1183 ponit

1467 1208 2008 1304 responsionem
2064 1208 2337 1305 Virgilii
2376 1209 2503 1303 qui
2539 1209 2811 1305 detegit
2842 1209 2973 1283 sibi
3013 1208 3331 1283 sormam
3383 1209 3575 1303 sacti,
3614 1208 3807 1283 unde

1462 1328 1678 1403 dicit:
1730 1336 1796 1403 et
1843 1331 1955 1402 elli
1993 1350 2042 1402 a
2077 1350 2211 1419 me,
2246 1329 2525 1423 supple,
2567 1328 2907 1425 Virgilius
2948 1329 3126 1404 dixit
3174 1328 3391 1403 mihi:
3452 1332 3527 1401 ta
3582 1350 3805 1420 prave
3938 1400 3943 1405 .

1462 1451 1866 1523 condizione
1902 1452 1978 1522 di
2010 1452 2122 1522 lor
2155 1456 2496 1522 tormento
2532 1470 2580 1521 a
2616 1457 2814 1523 terra
2844 1452 2947 1540 qli
2989 1450 3429 1541 ranniccltia,
3462 1447 3646 1523 idest
3692 1448 3803 1521 in-

1462 1576 1747 1663 curvat,
1789 1568 1997 1662 quasi
2033 1568 2260 1642 dicat:
2298 1568 2427 1661 qui
2460 1569 2789 1642 solebant
2830 1569 3233 1643 extendere
3278 1588 3360 1643 se
3394 1568 3464 1642 in
3500 1568 3800 1662 ooelum,

1463 1710 1659 1763 nunc
1725 1689 2163 1763 contrahunt
2214 1708 2296 1763 se
2344 1688 2437 1763 ad
2504 1695 2819 1782 terram3
2871 1681 2932 1761 si
2988 1690 3108 1761 che
3166 1692 3194 1763 i
3251 1692 3409 1763 miei
3468 1691 3661 1761 occlti
3723 1692 3797 1761 in

1451 1812 1622 1901 pria
1689 1809 1986 1880 n'ebber
2053 1811 2423 1901 teazione5
2481 1808 2692 1901 quasi
2755 1808 2985 1883 dicat:
3055 1830 3197 1905 ego
3255 1810 3411 1904 jam
3473 1807 3797 1882 dubitavi

1462 1929 1694 2024 prima
1748 1928 1930 2003 facie
1981 1930 2275 2023 quando
2306 1920 2381 2021 (¹)
2435 1930 2673 2024 primo
2725 1929 2891 2023 vidi,
2946 1931 3156 2025 quasi
3207 1930 3437 2005 dicat:
3492 1950 3641 2004 non
3689 1928 3798 2002 vi-

1459 2049 1725 2126 dentur
1759 2050 1856 2123 illi
1897 2050 2087 2143 elati,
2141 2049 2267 2143 qui
2319 2049 2650 2123 solebant
2700 2050 2809 2125 ire
2858 2070 3031 2124 cum
3084 2050 3319 2145 capite
3364 2049 3463 2125 ita
3532 2051 3792 2126 levato.

1461 2172 1547 2245 Et
1605 2170 1818 2245 docet
1879 2169 2219 2266 Virgilius
2278 2190 2725 2267 cognoscere
2786 2191 2937 2264 θος,
2987 2170 3271 2245 dicens:
3338 2192 3457 2243 ma
3512 2173 3799 2263 quar-da

1451 2293 1586 2381 fiso
1637 2280 1735 2381 ἰὰ,
1787 2289 2192 2364 inclinando
2245 2296 2343 2383 te,
2395 2312 2432 2363 e
2480 2292 2925 2381 disviticcltia,
2960 2290 3166 2385 idest,
3202 2291 3515 2365 dissolve
3566 2297 3642 2365 et
3689 2291 3798 2364 di-

1459 2432 1737 2505 scerne,
1789 2413 1900 2484 col
1949 2414 2096 2484 viso
2147 2415 2305 2502 quel
2350 2412 2469 2485 che
2516 2414 2671 2485 vien
2716 2420 2893 2485 sotto
2936 2416 3091 2504 quei
3126 2416 3311 2486 sassi
3321 2440 3353 2506 ‚·
3404 2412 3609 2505 idest,
3661 2411 3797 2485 sub

1460 2533 1779 2628 pondere
1831 2553 2232 2625 saxorum3
2280 2524 2402 2623 9ίά
2460 2554 2777 2626 scoryer,
2830 2533 3034 2625 idest,
3088 2533 3565 2630 perpendere,
3618 2535 3791 2625 puoi

1456 2674 1646 2728 come
1696 2655 1976 2725 ciascun
2025 2654 2089 2723 si
2129 2654 2425 2745 ptochia,
2479 2651 2683 2747 idest,
2739 2654 3051 2747 percutit
3099 2654 3234 2727 sibi
3284 2660 3539 2749 pectus
3587 2651 3794 2748 geni-

1459 2774 1596 2847 bus
1647 2772 2013 2868 gravitate
2047 2772 2387 2867 ponderis
2420 2780 2802 2870 premente
2831 2765 2903 2866 (²)
2944 2794 3141 2848 eum.
3170 2815 3269 2828 —
3304 2779 3384 2849 Ο.
3420 2774 3549 2849 Hic
3582 2779 3793 2869 poeta

1457 2894 1690 2991 gratia
1744 2893 2256 2989 praedictorum
2311 2893 2480 2968 facit
2534 2916 2757 2968 unam
2809 2896 3140 2989 pulcram
3182 2902 3255 2969 et
3290 2895 3543 2970 utilem
3592 2896 3795 2970 inve-

1456 3016 1722 3091 ctivam
1783 3022 2038 3089 contra
2101 3034 2338 3111 genus
2396 3016 2913 3110 superborum,
2968 3017 3092 3109 qui
3160 3016 3591 3112 superbiunt
3658 3038 3787 3111 pro

1457 3136 1680 3210 rebus
1732 3135 2158 3209 vanissimis.
2212 3135 2419 3211 Unde
2467 3136 2674 3210 dicit:
2721 3141 2781 3211 Ο
2812 3138 3092 3229 superbi
3136 3140 3475 3226 cnstiani,
3531 3145 3790 3211 notan-

1457 3263 1570 3331 ter
1626 3256 1795 3330 dicit
1852 3256 2247 3351 christiani,
2300 3256 2471 3350 quia
2523 3256 2844 3331 infideles
2912 3258 3003 3331 ad
3065 3258 3575 3355 purgatorium
3646 3280 3791 3334 non

1457 3374 1798 3470 veniunt3
1851 3378 2086 3449 miseri
2133 3379 2327 3466 lassi,
2380 3376 2552 3471 quia
2581 3366 2656 3470 (³)
2695 3376 3123 3452 miserabilis
3158 3384 3266 3452 est
3298 3398 3593 3474 semper
3636 3378 3791 3453 finis

1455 3496 1995 3590 superborum3
2055 3497 2200 3589 elie,
2264 3499 2449 3570 delta
2521 3500 2697 3570 vista
2756 3500 2939 3570 della
3002 3505 3220 3572 mente
3278 3501 3585 3593 infermi,
3647 3520 3790 3573 non

1453 3623 1836 3690 cernentes
1913 3615 2411 3690 infirmitatem
2467 3618 2808 3690 humanae
2872 3624 3185 3710 naturae,
3246 3622 3543 3710 fidanza
3604 3626 3793 3692 avete

1451 3740 1564 3810 uei
1608 3739 1851 3810 ritrosi
1889 3740 2113 3828 passi,
2155 3736 2359 3829 idest,
2402 3737 2476 3809 in
2528 3736 2679 3810 istis
2730 3737 3070 3830 fortuitiS‚
3107 3758 3236 3832 per
3277 3759 3445 3833 quae
3498 3738 3787 3812 creditis

1453 3857 1752 3932 tendere
1803 3857 1876 3931 in
1927 3858 2159 3930 altum
2213 3865 2287 3932 et
2342 3857 2744 3931 relabimini
2790 3859 2863 3931 in
2903 3859 3293 3933 miseriam.
3336 3860 3424 3932 Et
3464 3860 3582 3933 hic
3620 3866 3788 3935 nota

1450 3978 1647 4072 quod
1698 3985 1908 4074 poeta
1963 3979 2237 4075 optime
2286 3978 2493 4072 dicit3
2544 3999 2715 4052 cum
2770 3979 3043 4052 Plinius
3094 4000 3423 4076 paganus
3472 3979 3665 4054 dicat
3714 3981 3787 4054 in

1449 4098 1802 4192 septimo:
1857 4101 2132 4172 miseret
2193 4105 2259 4172 et
2318 4102 2523 4172 etiam
2564 4101 2783 4190 pudet
2840 4102 3184 4172 extimare
3234 4119 3443 4190 quam
3504 4103 3593 4174 sit
3647 4104 3785 4194 sri—

1333 4232 1341 4240 ·
1449 4221 1611 4292 vola
1659 4222 1862 4310 oripo
1911 4220 2382 4311 superbissimi
2431 4222 2865 4310 animalium,
2918 4240 3116 4311 quem
3164 4241 3351 4312 soepe
3410 4231 3778 4312 antequam

1447 4347 1782 4414 nascatur
1822 4344 2037 4434 soetor
2085 4341 2397 4413 candeloe
2430 4343 2749 4414 extinetae
2787 4343 3152 4432 extimuit,
3204 4346 3270 4411 et
3316 4347 3557 4414 natum
3594 4363 3785 4414 mor-

1444 4481 1564 4533 sus
1627 4463 1857 4532 culicis
1910 4466 2134 4546 necat,
2195 4468 2262 4533 et
2306 4463 2463 4552 ipsa
2529 4463 2668 4534 vita
2730 4467 2990 4552 quanto
3054 4462 3335 4550 lonyior
3394 4469 3585 4534 tanto
3654 4464 3784 4534 mi-

1445 4585 1693 4654 serior.
1771 4581 1974 4654 Unde
2025 4580 2321 4674 quidam
2374 4580 2919 4654 extimaverunt
2982 4599 3143 4654 esse
3206 4580 3565 4674 optimum
3638 4603 3783 4656 non

1445 4703 1666 4796 nasci,
1716 4709 1846 4775 aut
1897 4701 2239 4777 citissime
2292 4701 2499 4774 mori.
2552 4701 2723 4775 Ideo
2773 4701 2961 4775 bene
3002 4700 3173 4774 dicit
3208 4701 3515 4774 Plinius:
3562 4707 3695 4791 Qui
3727 4710 3786 4776 te

1445 4828 1668 4896 Deum
1724 4824 1950 4894 credis
2013 4824 2254 4912 aliqua
2305 4823 2769 4914 prosperitate
2826 4821 3225 4912 superbiens
3290 4827 3433 4894 tam
3483 4825 3782 4916 faciliter

1568 5005 1624 5068 (¹)
1658 5005 1716 5055 E.
1750 5005 1954 5070 quando
1987 5019 2084 5069 ego
2120 5007 2303 5068 primo.
2646 5003 2703 5066 (²)
2737 5003 2798 5054 Ε.
2832 5005 3111 5067 prementis
3142 5018 3283 5055 eum.

1565 5081 1620 5145 (⁸)
1653 5083 1713 5132 E.
1748 5083 1868 5146 quia
1899 5083 2217 5132 miserabiles
2248 5087 2386 5144 sunt,
2420 5087 2473 5132 et
2506 5081 2812 5132 miserabilis
2842 5086 2936 5131 est.
