4392 6850
1466 953 1744 1014 camus
1792 956 2052 1012 Nerius,
2788 945 2931 1018 253

577 1095 850 1178 16¹⁷·in
893 1117 1088 1178 conte
1131 1099 1420 1198 [οζρονς
1471 1098 1718 1193 aquila
1781 1099 1976 1176 enim
2039 1099 2305 1179 dicitur
2362 1122 2407 1175 a
2463 1101 2701 1198 poetis
2770 1122 2933 1182 esse

577 1216 907 1316 armiger
955 1217 1176 1314 Jovis,
1229 1223 1304 1294 et
1355 1218 1772 1300 ministrare
1819 1220 2127 1299 fulmina
2177 1220 2301 1316 illi,
2344 1221 2443 1303 ita
2496 1221 2631 1298 ista
2682 1223 2929 1322 aquila

583 1343 840 1432 potens
891 1338 1110 1414 missa
1161 1360 1207 1414 a
1257 1339 1412 1416 Deo
1461 1339 1706 1417 subito
1755 1341 2083 1438 fulgurat
2140 1363 2364 1440 super
2428 1342 2799 1420 hominem
2853 1350 2935 1424 et

577 1456 819 1556 ipsum
870 1457 1208 1552 incendit,
1261 1465 1336 1537 et
1388 1459 1576 1560 rapit
1625 1460 1700 1540 in
1749 1461 2016 1556 altum3
2071 1462 2269 1542 unde
2312 1462 2509 1556 dicit,
2566 1485 2609 1536 e
2656 1465 2753 1540 mi
2798 1484 2933 1539 ra·-

569 1579 760 1674 pisse
805 1599 968 1652 stas-o
1015 1580 1190 1674 infin
1240 1583 1321 1655 al
1355 1584 1550 1678 foco,
1599 1580 1808 1679 idest,
1856 1582 1951 1657 ad
1999 1602 2293 1678 speram
2344 1583 2557 1680 ignia,
2598 1603 2769 1678 quae
2818 1589 2947 1666 est.

473 1702 478 1706 ’
580 1699 1034 1780 contermina
1061 1693 1139 1796 (¹)
1191 1699 1401 1778 coe10.
1454 1701 1544 1783 Et
1601 1721 1774 1779 ecce
1835 1701 2182 1779 effectum
2238 1703 2427 1782 illius
2493 1713 2779 1798 raptus:
2832 1707 2932 1783 ivi

567 1841 801 1914 parea
850 1822 952 1892 ch’
977 1823 1114 1896 ella
1173 1827 1243 1902 ec
1301 1823 1371 1896 io
1419 1823 1734 1916 ardesse,
1783 1821 1856 1899 in
1911 1821 2029 1897 illo
2081 1823 2290 1918 igne3
2342 1844 2380 1896 e
2426 1815 2488 1898 si
2536 1827 2581 1896 Γ
2604 1827 2925 1902 incendio

577 1943 988 2037 immnuta,
1039 1941 1114 2017 in
1159 1947 1428 2038 mente,
1459 1963 1678 2035 cossa,
1713 1942 1920 2036 idest,
1955 1941 2056 2018 ita
2108 1945 2587 2030 vehementer
2636 1964 2762 2021 me
2810 1945 2927 2024 iu-

577 2060 838 2156 cendit‚
889 2062 1010 2136 che
1057 2081 1408 2139 convenae
1469 2064 1590 2137 che
1615 2064 1666 2136 'l
1707 2083 1934 2136 sonno
1989 2065 2056 2136 si
2111 2083 2466 2160 rompesse
2480 2089 2514 2160 ,·
2566 2064 2663 2138 ita
2724 2066 2921 2158 quod

577 2177 1002 2276 evigilarem
1055 2201 1100 2257 a
1151 2200 1432 2260 somno.
1486 2181 1576 2260 Et
1623 2181 1728 2258 sic
1779 2181 1943 2256 vide
1987 2183 2363 2280 quomodo
2394 2191 2616 2261 autor
2655 2205 2921 2266 accen·-

575 2319 698 2382 sus
749 2319 942 2374 novo
991 2320 1250 2377 amore
1297 2322 1344 2382 a
1393 2301 1636 2382 divina
1685 2303 1924 2398 gratia
1975 2302 2110 2378 fuit
2163 2311 2443 2385 tractus
2490 2325 2537 2380 a
2593 2306 2779 2382 valle
2824 2307 2919 2388 ad

577 2426 928 2504 montem.

721 2545 884 2614 Non
931 2543 1328 2616 altrimenti.
1393 2542 1536 2622 Ista
1599 2552 1710 2620 est
1783 2544 2108 2618 secunda
2172 2566 2341 2640 pars
2382 2536 2789 2642 ‘generaliS‚
2844 2547 2917 2628 iu

577 2682 720 2760 qua
772 2667 988 2756 poeta
1037 2671 1284 2739 noster
1335 2661 1675 2740 describit
1724 2663 2401 2760 interpretationem
2466 2668 2743 2742 claram
2804 2669 2917 2747 sui

577 2781 923 2866 mirabilis
971 2782 1232 2859 somnii
1289 2783 1552 2863 factam
1603 2805 1650 2863 a
1701 2784 2019 2881 Virgilio.
2085 2786 2174 2860 Et
2236 2785 2471 2882 primo
2541 2787 2917 2884 praemittit

573 2924 780 2988 snam
837 2903 1374 3002 evigilationem
1435 2926 1660 2998 quam
1724 2905 2024 3002 egregie
2081 2906 2423 2984 describit
2484 2927 2617 3004 per
2687 2929 2915 2994 unam

572 3024 1192 3120 comparationem
1249 3025 1795 3105 nobilissimam,
1829 3026 1937 3103 Ad
1969 3027 2182 3105 cuius
2232 3027 2721 3124 cognitionem
2759 3031 2913 3111 cla-

572 3166 757 3240 ram,
807 3143 982 3239 quia
1035 3142 1248 3228 multi
1299 3144 1417 3226 hic
1469 3146 1700 3226 multa
1752 3149 2122 3242 superflua
2153 3139 2227 3242 (²)
2270 3149 2491 3246 vulgo
2539 3148 2911 3244 dixerunt,

567 3271 680 3347 est
726 3264 1102 3343 sciendum
1157 3265 1568 3346 necessario
1603 3266 1801 3360 quod
1836 3267 2025 3342 hanc
2061 3267 2447 3350 materiam
2486 3267 2603 3344 bic
2639 3275 2907 3351 tactam

567 3385 943 3483 eleganter
1008 3384 1260 3491 scribit
1285 3375 1361 3479 (³)
1415 3385 1686 3464 Statius
1753 3385 1826 3464 in
1893 3407 2032 3465 suo
2094 3387 2398 3482 minori,
2464 3388 2665 3485 quod
2732 3388 2914 3471 dici·-

565 3511 688 3585 tur
721 3503 1151 3603 Achilleida3
1195 3506 1410 3585 cuius
1457 3526 1830 3585 summam
1891 3506 2215 3586 breviter
2266 3507 2511 3590 dicere
2558 3510 2909 3603 conabor.

563 3624 806 3702 Thetis
859 3632 1096 3701 mater
1135 3625 1426 3709 Achiuis
1485 3626 1777 3709 tradidit
1837 3626 2044 3704 illum
2087 3628 2523 3706 infantulum
2562 3630 2910 3711 alendum

561 3750 638 3820 et
687 3744 1198 3829 instruendum
1251 3746 1458 3827 bonis
1493 3746 1794 3831 artibus
1841 3746 2136 3824 Chironi
2189 3756 2568 3845 centauro,
2614 3750 2744 3845 qui
2778 3751 2915 3833 ha-

561 3864 782 3944 bebat
829 3865 1276 3948 domicilium
1330 3887 1580 3961 suum,
1631 3866 1789 3953 sive
1837 3867 2263 3964 speluncam
2310 3869 2450 3949 sub
2486 3877 2737 3951 monte
2770 3871 2911 3953 Pe-

563 3984 710 4066 lien
777 3986 852 4064 in
913 3984 1296 4066 Thessalia.
1351 3986 1569 4069 Chiro
1599 3974 1672 4081 (⁴)
1727 4006 1912 4093 ergo
1981 4008 2128 4067 non
2202 3988 2504 4069 nutrivit
2553 3989 2903 4073 Achillem

561 4104 752 4189 lacte
801 4124 1014 4188 more
1061 4104 1403 4203 aliorum,
1453 4105 1582 4190 aed
1631 4107 1992 4205 sanguine
2047 4114 2122 4183 et
2173 4108 2511 4188 medullis
2562 4111 2905 4193 leonum:

563 4226 822 4313 deinde
869 4226 1148 4307 ducens
1213 4247 1390 4310 eum
1457 4247 1592 4323 per
1652 4248 2006 4311 cavernas
2061 4228 2467 4327 sylvarum,
2516 4229 2906 4313 assuefecit

568 4366 740 4432 eum
801 4345 1166 4431 venationi
1239 4348 1484 4430 feraru
1495 4369 1592 4445 m,
1643 4347 1892 4442 calori,
1945 4347 2221 4447 frigori,
2268 4355 2347 4431 et
2394 4348 2595 4431 omui
2648 4349 2904 4445 labori,

569 4488 734 4552 cum
789 4468 1155 4550 venabulo
1207 4470 1549 4563 pharetra
1599 4476 1676 4553 at
1725 4468 2102 4549 similibus,
2163 4470 2317 4556 Nec
2382 4470 2679 4555 tenebat
2724 4490 2905 4553 eum

567 4588 638 4673 iu
687 4590 888 4673 molli
937 4591 1152 4691 lecto,
1201 4590 1332 4673 sed
1381 4590 1456 4675 in
1505 4590 1695 4671 duro
1743 4612 1926 4671 saxo
1985 4591 2205 4672 simul
2256 4610 2553 4685 secum3
2606 4599 2683 4671 et
2730 4612 2903 4679 cum

567 4709 682 4785 vix
733 4716 926 4785 esset
973 4710 1360 4787 duodecim
1413 4731 1780 4786 annorum
1833 4711 2082 4787 docuit
2139 4733 2319 4787 eum
2376 4732 2707 4814 currere,
2758 4714 2905 4787 sal-

567 4835 745 4923 tare,
799 4837 1078 4907 natare.
1131 4831 1282 4907 Nec
1343 4852 1674 4927 unquam
1735 4832 2203 4929 permittebat
2257 4832 2499 4929 ipsum
2561 4834 2902 4929 persequi

685 5018 742 5081 (⁸)
771 5018 833 5069 R-
867 4980 1262 5080 contaminata.
1370 4981 1378 4989 ’
1777 4980 1838 5080 (¹)
1870 4980 1979 5080 m,
2012 4982 2218 5072 frivola.

687 5092 740 5158 (⁸)
771 5096 882 5154 11⁷,
913 5095 1134 5165 nerim
1785 5094 1840 5159 (⁸)
1871 5094 1924 5147 S.
1955 5094 2150 5147 Chiron
2180 5110 2327 5162 ergo,
