4392 6850
1461 951 1602 1017 174
2179 957 2589 1013 commum
2636 955 3075 1011 PURGA‘ronu

1455 1105 1598 1180 Iste
1648 1111 1900 1180 autem
1935 1103 2331 1178 Palinurus
2382 1101 2539 1176 viso
2589 1103 2789 1176 Enea
2840 1101 2912 1175 in
2966 1099 3248 1176 inferno
3288 1100 3595 1198 rogabat
3628 1119 3799 1176 eum

1455 1225 1875 1321 suppliciter
1924 1230 2009 1297 ut
2057 1223 2409 1298 educeret
2460 1243 2639 1297 eum
2692 1221 2897 1316 inde3
2932 1221 3056 1295 cui
3090 1217 3359 1317 Sibylla
3412 1213 3799 1316 respondit,

1453 1344 1654 1440 quod
1695 1343 1969 1440 judicia
2029 1342 2349 1418 deorum
2412 1363 2559 1416 non
2624 1347 2963 1438 poterant
3020 1340 3361 1437 precibus
3418 1341 3800 1416 hominum

1457 1463 1813 1540 revocari.
1865 1462 2076 1538 Modo
2125 1462 2220 1536 ad
2273 1462 2727 1558 propositum
2770 1461 3044 1536 Dantes
3092 1460 3375 1535 dubitat
3428 1467 3503 1535 et
3552 1461 3731 1556 petit
3758 1481 3803 1536 a

1457 1582 1755 1679 Virgilio
1820 1581 2193 1677 quomodo
2264 1581 2400 1657 ista
2466 1589 2659 1658 stant
2722 1579 2965 1676 simul,
3024 1579 3319 1675 scilicet,
3388 1580 3587 1673 quod
3652 1580 3803 1656 istae

1457 1703 1724 1778 animae
1777 1709 2039 1800 rogent
2071 1708 2156 1775 ut
2197 1708 2505 1800 rogetur
2554 1722 2689 1798 pro
2738 1701 2867 1796 eiS,
2905 1708 2986 1775 ut
3028 1699 3407 1776 brevietur
3462 1707 3799 1797 tempus3
3918 1743 3933 1764 ι

1459 1844 1554 1898 ex
1608 1844 1758 1918 quo
1818 1823 2111 1898 videtur
2167 1821 2531 1918 judicium
2596 1821 2727 1898 Dei
2792 1841 3005 1917 posse
3066 1820 3389 1915 mutari3
3450 1821 3805 1898 sententia

1460 1963 1644 2018 vero
1697 1952 1823 2018 tua
1858 1942 2315 2019 contrarium
2350 1949 2583 2036 sonat,
2620 1941 2893 2017 scilicet
2931 1939 3130 2035 quod
3172 1961 3318 2015 non
3360 1941 3585 2036 possit
3619 1941 3806 2024 flecti

1461 2063 1823 2159 precibus.
1879 2062 2126 2137 Primo
2178 2082 2361 2159 ergo
2408 2062 2677 2137 Dantes
2728 2072 2977 2139 movet
3041 2061 3251 2136 istam
3324 2061 3801 2156 quaestionem

1461 2184 1784 2280 Virgilio,
1853 2183 2148 2259 dicens:
2214 2187 2299 2257 Io
2366 2185 2755 2275 cominciai,
2824 2181 3111 2278 supple,
3175 2183 3423 2258 dicere
3482 2183 3803 2279 Virgilio,

1461 2325 1653 2378 come
1703 2305 1920 2378 libero
1961 2306 2094 2400 sui,
2145 2303 2353 2397 idest,
2407 2323 2631 2398 quam
2682 2302 2826 2378 cito
2890 2303 2995 2378 sui
3066 2303 3437 2398 liberatuS,
3490 2307 3589 2378 da
3646 2311 3803 2378 tuae

1463 2431 1716 2516 quante
1767 2427 1984 2515 quelle
2021 2425 2288 2515 ombre,
2324 2424 2563 2498 soluto
2602 2422 2877 2498 eisdem
2920 2423 3315 2519 promissis,
3350 2427 3470 2498 che
3500 2445 3802 2517 preqar,

1464 2543 1671 2639 idest,
1724 2563 1894 2638 quae
1945 2543 2233 2616 umbrae
2284 2549 2735 2640 rogaverunt
2798 2563 2945 2638 me,
2989 2563 3135 2636 pur
3196 2545 3299 2616 σὴ·
3323 2546 3495 2618 altri
3534 2545 3806 2636 preym,

1465 2663 1735 2738 scilicet
1759 2684 1892 2758 pro
1919 2663 2058 2757 eis3
2095 2668 2168 2738 et
2202 2681 2375 2737 ecce
2406 2661 2498 2737 ad
2534 2661 2731 2756 quid,
2756 2655 2816 2735 si
2850 2665 2971 2736 che
3000 2665 3318 2736 s’avacci
3346 2666 3403 2737 il
3434 2665 3573 2755 lor,
3600 2663 3805 2757 idest,

1463 2782 1922 2858 acceleretur
1983 2781 2110 2877 εἰς,
2141 2783 2445 2856 -divenir
2492 2790 2717 2874 sante,
2766 2781 2971 2877 idest,
3026 2789 3109 2857 ut
3172 2782 3315 2858 cito
3368 2782 3663 2858 veniant
3716 2781 3807 2857 ad

1467 2902 2009 3000 purgatorium,
2044 2901 2245 2997 quod
2296 2900 2527 2976 reddit
2566 2901 2851 2976 animas
2884 2909 3171 2976 sanctas
3204 2908 3279 2977 et
3310 2903 3583 2976 amicas
3617 2903 3806 2996 Deo;

1468 3031 1542 3098 et
1590 3022 1852 3118 petivi:
1905 3044 1950 3096 ο
2001 3025 2148 3096 luce
2197 3025 2370 3114 mia,
2404 3021 2611 3116 idest,
2644 3043 2691 3096 o
2730 3021 3006 3120 Virgili,
3042 3021 3170 3117 qui
3210 3023 3411 3118 pellis
3444 3025 3539 3097 ab
3580 3023 3810 3098 oculis

1469 3144 1733 3218 mentis
1781 3162 1972 3218 meae
2018 3162 2319 3217 omnem
2374 3143 2753 3216 tenebram
2806 3143 3259 3238 ignorantiae,
3312 3142 3507 3218 unde
3556 3143 3631 3216 in
3700 3142 3811 3216 in-

1471 3262 1679 3339 ferno
1743 3261 2032 3338 vocavit
2093 3282 2269 3337 eum
2341 3263 2567 3338 solem
2632 3262 2705 3336 in
2764 3261 2979 3338 simili
3044 3284 3243 3357 casu,
3294 3267 3351 3338 e*
3382 3285 3530 3358 par
3576 3267 3697 3337 che
3746 3270 3814 3338 tu

1467 3387 1569 3459 mi
1613 3385 1870 3476 nieylei,
1907 3404 2249 3477 espressO,
2285 3367 2490 3479 idest,
2524 3403 2890 3480 expresse,
2936 3387 3015 3457 in
3062 3387 3269 3459 alcun
3318 3391 3513 3476 testo,
3546 3383 3813 3459 scilicet

1465 3505 1558 3579 Vl
1608 3504 1941 3607 EneidOS,
2004 3506 2123 3577 che
2186 3508 2491 3579 orazion
2536 3507 2799 3598 pieqhi,
2860 3504 3065 3598 idest,
3132 3513 3429 3581 moveat
3493 3507 3610 3580 vel
3676 3505 3813 3579 im-

1467 3632 1728 3721 mutet,
1780 3628 2056 3700 decreto
2119 3628 2235 3699 del
2292 3629 2488 3718 ciclo,
2540 3626 2746 3720 idest,
2789 3626 3150 3721 judicium
3211 3626 3366 3721 Dei,
3420 3626 3543 3701 ubi
3594 3626 3809 3701 dicit:

1469 3750 1722 3821 Desine
1763 3749 1922 3840 fata
1972 3750 2196 3819 Deum
2242 3748 2420 3837 flecti
2464 3766 2759 3837 sperare
2802 3750 3187 3839 precando.
3231 3747 3320 3821 Et
3370 3766 3543 3821 ecce
3592 3766 3815 3841 oppo-

1470 3866 1730 3941 situm:
1765 3888 1804 3939 e
1837 3873 2074 3957 questa
2103 3873 2303 3957 yeme
2329 3886 2561 3959 preya
2582 3887 2731 3959 pur
2762 3869 2841 3940 di
2872 3874 3132 3960 queste,
3170 3874 3254 3941 ut
3284 3874 3661 3941 ostensum
3706 3873 3819 3942 est

1471 3987 1544 4063 in
1595 3985 1984 4062 nominatis
2033 3985 2173 4081 hic,
2228 3993 2301 4061 et
2352 4007 2575 4082 supra
2626 3986 2701 4061 in
2750 3986 3083 4083 capitulis
3132 3988 3351 4063 tertio
3400 3995 3476 4063 et
3525 3994 3813 4083 quarto.

1472 4108 1578 4183 De
1627 4107 1918 4182 duobus
1965 4128 2148 4204 ergo
2198 4114 2311 4181 est
2357 4107 2702 4201 alterum,
2740 4106 2960 4201 quia:
3010 4108 3287 4181 serebbe
3334 4111 3610 4200 dunque
3658 4110 3817 4181 loro

1469 4248 1698 4323 spe-me
1748 4248 1965 4320 vana,
2018 4226 2077 4301 si
2126 4246 2386 4323 preces
2426 4246 2573 4301 non
2608 4234 2999 4303 moverent
3046 4226 3335 4321 Deum3
3386 4248 3431 4299 o
3478 4248 3625 4301 non
3663 4228 3755 4301 m’
3782 4219 3823 4300 e*

1471 4350 1526 4423 il
1569 4351 1750 4421 delto
1801 4355 1918 4422 tuo
1967 4348 2095 4421 ben
2127 4350 2519 4443 mamseseo,
2571 4346 2781 4441 quasi
2829 4346 3059 4423 dicat:
3113 4348 3230 4424 vel
3278 4369 3425 4423 non
3469 4348 3657 4423 bene
3704 4348 3819 4423 in·-

1472 4467 1718 4565 telligo
1761 4468 2038 4542 dictum
2073 4476 2315 4543 tuum.
2350 4466 2597 4543 Noluit
2628 4460 2701 4561 (¹)
2736 4466 3021 4545 dicere:
3083 4469 3201 4543 vel
3258 4468 3537 4545 dictum
3600 4477 3815 4545 tuum

1475 4587 1913 4684 est'falsum,
1949 4595 2249 4684 propter
2297 4588 2816 4663 urbanitatem.
2846 4594 3053 4663 —Et
3095 4591 3229 4663 elli.
3272 4588 3403 4665 Hic
3434 4596 3652 4685 poeta
3684 4612 3821 4687 po-

1475 4706 1582 4780 nit
1633 4708 2178 4803 responsionem
2232 4706 2507 4804 Virgilii
2560 4708 2863 4803 claram,
2914 4707 3206 4785 dicens:
3262 4715 3352 4783 Ec
3402 4713 3517 4785 elli
3577 4732 3625 4783 a
3684 4732 3820 4804 me,

1478 4828 1734 4922 supple
1766 4828 2107 4925 Virgilius
2147 4827 2549 4924 respondit:
2586 4830 2661 4901 la
2698 4830 2841 4903 mia
2878 4832 3210 4903 scr-ianm
3248 4823 3292 4904 e*
3318 4833 3570 4924 pinna,
3605 4831 3815 4927 idest,

1605 5094 1661 5159 (¹)
1693 5096 1754 5147 Ε.
1787 5095 1965 5149 Noluit
1995 5099 2136 5149 enlm
2166 5098 2343 5150 dicero
2375 5098 2573 5150 dictum
2606 5102 2757 5151 tuum
2788 5102 2885 5150 ott.
