4392 6850
1423 939 1702 996 camus
1750 939 2092 997 ocuvns.
2717 959 2721 963 ·
2796 933 2935 1002 231

589 1085 708 1158 che
741 1076 1132 1158 ιναηεηωεὸ
1165 1085 1229 1157 le
1260 1083 1545 1158 biancloe
1577 1085 1819 1176 hendo,
1857 1106 2040 1180 quas
2077 1086 2421 1182 portabat
2454 1087 2528 1162 in
2563 1088 2941 1184 viduitate,

587 1203 798 1298 idest,
849 1211 1241 1300 postquam
1296 1205 1770 1280 transvolavit
1802 1204 1898 1280 ad
1931 1207 2290 1281 secundas
2340 1207 2629 1303 nuptias
2664 1208 2940 1284 domini

587 1324 917 1399 Galeatii.
971 1326 1114 1399 Per
1161 1326 1304 1400 hoc
1353 1331 1550 1420 nota,
1603 1326 1800 1420 quod
1852 1333 2070 1422 poeta
2119 1327 2340 1402 tacite
2392 1329 2622 1426 tangit
2674 1351 2941 1405 vanam

590 1465 850 1519 curam
905 1444 1430 1540 quorumdam,
1483 1445 1611 1540 qui
1661 1467 1757 1522 ex
1807 1445 2034 1521 nimio
2073 1467 2356 1542 amore,
2401 1468 2626 1542 quem
2670 1449 2943 1524 habent

589 1564 682 1639 ad
732 1585 1029 1659 uxoreS,
1080 1587 1127 1640 a
1180 1566 1448 1660 quibus
1515 1565 1859 1640 videntur
1924 1566 2125 1662 diligi
2151 1561 2227 1660 (¹)
2294 1567 2369 1641 in
2435 1569 2608 1664 vita,
2658 1569 2940 1644 solliciti

591 1692 762 1759 sunt
812 1685 989 1779 quid
1039 1691 1317 1760 acturae
1383 1685 1526 1759 sint
1581 1691 1744 1781 post
1814 1693 2127 1761 mortem
2193 1707 2483 1782 eorum,
2545 1695 2620 1763 et
2672 1690 2942 1764 vellent

592 1804 696 1878 eis
746 1805 1224 1900 praescribere
1290 1807 1528 1902 legem
1594 1825 1690 1880 ne
1753 1805 2148 1881 transirent
2211 1806 2303 1881 ad
2368 1808 2688 1884 secunda
2742 1816 2939 1903 vota,

591 1944 764 1999 cum
819 1930 1065 1998 tamen
1116 1924 1388 2020 possint
1438 1925 1576 2000 dici
1629 1925 1800 1999 satis
1851 1925 2096 2000 felices
2147 1927 2206 1999 si
2256 1927 2333 2000 in
2384 1927 2533 2002 vita
2599 1934 2941 2003 servetur

591 2065 724 2141 par
771 2045 1124 2140 debitum,
1177 2046 1480 2141 aequalis
1548 2067 1785 2141 amor,
1856 2052 1932 2122 et
1999 2053 2265 2122 mutua
2333 2047 2511 2122 fides
2577 2048 2935 2146 coniugii:

591 2164 754 2240 ideo
821 2164 958 2242 iste
1023 2166 1296 2242 divinat
1357 2167 1489 2241 sibi
1549 2167 1857 2261 malum,
1917 2165 2205 2242 dicens:
2265 2171 2329 2241 le
2386 2171 2578 2261 quai,
2644 2169 2941 2265 scilicet,

594 2284 845 2360 bindas
895 2285 1124 2380 albaS,
1174 2289 1464 2360 convien
1513 2289 1632 2360 che
1681 2289 1942 2360 misera
1993 2309 2219 2360 anaor
2267 2289 2500 2362 brami
2513 2315 2546 2383 ;
2581 2289 2755 2384 quia
2800 2289 2941 2363 sci-

593 2405 762 2481 licet
807 2403 1146 2482 deveniet
1193 2406 1288 2481 ad
1338 2409 1561 2482 talem
1604 2413 1904 2502 statum,
1941 2408 2138 2502 quod
2175 2408 2396 2483 vellet
2433 2409 2745 2486 libenter
2781 2430 2945 2485 esse

597 2525 672 2599 in
721 2525 963 2620 primo
1013 2531 1208 2601 statu
1261 2526 1662 2602 viduitatis:
1715 2533 1790 2602 et
1837 2527 1942 2602 sic
1993 2527 2128 2601 suit
2180 2528 2275 2603 de
2331 2527 2545 2622 facto,
2599 2529 2771 2624 quia
2824 2529 2936 2603 vir

599 2667 779 2720 suus
829 2646 1198 2722 secundus
1247 2648 1596 2742 expulsus
1630 2647 1722 2722 de
1761 2646 2189 2743 Mediolano,
2226 2647 2463 2722 factus
2510 2655 2621 2724 est
2668 2649 2943 2746 stipen-

598 2767 872 2842 diarius
923 2768 1322 2842 Castruccii
1371 2767 1446 2842 in
1507 2769 1792 2864 Tuscia,
1843 2777 1919 2846 et
1966 2776 2311 2843 mortuus
2367 2775 2479 2844 est
2528 2770 2647 2844 ibi.
2710 2771 2799 2843 Et
2851 2790 2943 2844 ex

600 2888 738 2962 boc
786 2888 1016 2962 Ninus
1065 2888 1313 2986 arguit
1359 2889 1455 2964 ab
1495 2910 1732 2966 uxore
1765 2911 1901 2965 sua
1934 2889 2028 2964 ad
2061 2889 2239 2964 alias
2280 2889 2686 2967 instabilem
2730 2912 2947 2966 amo—

601 3028 758 3083 rem
811 3007 1236 3104 mulierum,
1278 3009 1562 3083 dicens:
1593 3031 1726 3102 per
1760 3012 1847 3082 lei
1878 3011 2072 3082 assai
2103 3011 2178 3082 di
2210 3012 2377 3084 lieve
2406 3013 2471 3084 si
2502 3015 2945 3104 comprenda,

597 3127 804 3222 idest,
838 3149 975 3225 per
1023 3150 1254 3204 unam
1303 3129 1608 3205 faciliter
1659 3130 2125 3226 cognoscitur
2157 3129 2253 3204 de
2287 3131 2483 3225 aliis3
2519 3131 2637 3206 vel
2678 3152 2947 3207 secun-

599 3250 779 3326 dum
841 3251 1060 3325 aliam
1125 3251 1438 3345 literam,
1489 3253 1565 3324 di
1613 3243 1712 3342 ld,
1764 3251 1968 3346 idest,
2019 3251 2094 3325 in
2153 3251 2432 3326 mundo
2492 3252 2943 3348 viventium;

601 3379 858 3466 quanto
906 3376 984 3445 in
1025 3375 1294 3469 semina
1335 3377 1499 3467 foco
1550 3375 1620 3447 α’
1639 3393 1849 3446 amor
1897 3375 2111 3465 dura,
2163 3372 2370 3469 idest,
2432 3394 2581 3448 non
2629 3372 2750 3449 diu
2804 3373 2947 3449 du-

603 3499 714 3568 rat
763 3491 1032 3568 ardens
1081 3515 1296 3568 amor
1346 3494 1420 3567 in
1471 3492 1806 3588 muliere,
1857 3514 1932 3567 se
1981 3496 2026 3566 ἴ
2051 3496 2285 3567 occlu‘o
2324 3514 2371 3567 o
2414 3496 2467 3568 'l
2512 3500 2679 3569 tatto
2710 3516 2949 3588 spes-ro

599 3615 722 3686 nol
780 3615 1146 3687 raccende.
1216 3613 1476 3689 Mulier
1525 3612 1746 3708 enim,
1803 3619 1886 3687 ut
1951 3613 2122 3687 alibi
2181 3613 2458 3688 dictum
2488 3606 2563 3707 (²)
2627 3622 2758 3711 est,
2810 3636 2945 3691 na·-

602 3734 938 3808 turaliter
1001 3739 1112 3807 est
1174 3732 1454 3829 frigida,
1505 3733 1633 3809 sed
1687 3754 1896 3809 more
1945 3734 2120 3807 ferri
2181 3735 2238 3807 si
2307 3734 2734 3809 accenditur
2784 3736 2947 3810 visu

603 3855 720 3929 vel
770 3859 968 3928 tactu
1023 3852 1340 3929 efficitur
1389 3854 1691 3929 calidior
1739 3854 1922 3949 vii-0,
1975 3874 2144 3948 quae
2194 3854 2518 3928 caliditas
2574 3876 2721 3930 non
2770 3876 2952 3929 con-

603 3972 961 4067 tinuatur,
995 3972 1131 4047 nisi
1181 3954 1376 4068 saepe
1427 3972 1978 4049 reaccendatur.
2005 4014 2106 4027 —
2133 3978 2313 4047 Non.
2352 3973 2743 4048 Hic-Ninus
2776 3996 2951 4070 pro-

601 4092 748 4188 bat,
785 4092 984 4187 quod
1035 4091 1172 4169 ista
1223 4113 1371 4167 non
1405 4094 1594 4169 bene
1630 4094 1882 4170 fecerit
1921 4093 2266 4168 nubendo
2300 4095 2618 4169 secunda
2650 4085 2723 4187 (³)
2763 4095 2948 4191 vice,

602 4212 777 4307 quia
836 4234 986 4288 non
1053 4221 1213 4288 erat
1273 4213 1404 4287 sibi
1473 4220 1626 4289 tam
1698 4214 2125 4289 honorabile
2200 4222 2361 4310 post
2425 4222 2741 4289 mortem
2810 4214 2951 4291 dici

602 4353 797 4407 uxor
846 4333 1174 4429 Galeatii,
1224 4334 1414 4409 sicut
1463 4334 1524 4409 si
1573 4333 1944 4409 diceretur
2013 4355 2208 4409 uxor
2256 4333 2439 4408 Nini.
2491 4334 2677 4409 Dicit
2728 4356 2948 4433 ergo:

601 4456 676 4528 la
723 4456 996 4547 vipera,
1046 4453 1438 4552 insignium
1469 4443 1544 4549 (⁴)
1613 4454 2128 4530 vicecomitum
2193 4454 2289 4529 de
2356 4454 2795 4550 Mediolano,
2832 4458 2955 4531 che

601 4578 630 4649 i
673 4578 992 4649 mlanesi
1039 4596 1408 4671 accampa,
1459 4575 1663 4670 idest,
1723 4597 1948 4671 quam
2019 4574 2599 4651 mediolanenses
2659 4582 2955 4671 portant

602 4694 678 4768 in
727 4714 1014 4791 camp0,
1065 4696 1238 4791 quia
1288 4696 1658 4773 Galeatius
1717 4703 1880 4773 erat
1932 4703 2106 4771 tunc
2157 4696 2499 4771 dominus
2546 4697 2953 4795 Mediolani,

603 4835 746 4887 non
797 4818 857 4888 le
907 4806 1086 4911 sard
1150 4808 1212 4889 si
1278 4818 1457 4891 bella
1521 4820 1903 4911 seponat-a,
1955 4816 2140 4892 idest
2202 4824 2353 4891 tam
2422 4817 2953 4915 honorabilem,

727 4996 785 5060 (¹)
819 5002 930 5058 117,
963 5010 1018 5048 ³0
1050 4998 1210 5064 diligi.
2107 5002 2162 5065 (⁸)
2193 5002 2255 5052 E.
2288 5007 2487 5053 tactum
2515 5006 2611 5054 est.

730 5074 785 5141 (⁸)
816 5075 879 5125 E.
913 5078 1141 5127 secundo
1175 5078 1286 5130 viro
1318 5078 1439 5143 quia
1471 5092 1577 5130 non
1608 5080 1710 5130 erit
1739 5080 1852 5131 sibi.
2104 5080 2158 5145 (⁸)
2191 5084 2303 5143 11⁷,
2336 5080 2557 5145 signnm.
