4392 6850
1460 930 1604 998 246
2175 942 2581 997 comm-run
2631 939 3075 998 ruam-roan

1455 1087 1722 1162 bebat:
1775 1081 2117 1162 describit
2168 1106 2349 1183 ergo
2398 1107 2753 1162 auroram
2789 1087 2985 1162 lunae
3017 1085 3322 1182 poetice,
3366 1086 3649 1163 dicens:
3697 1093 3798 1162 La

1455 1207 1837 1280 concubina
1885 1209 1961 1280 di
2019 1211 2253 1280 Tilone
2300 1209 2553 1280 antico·
2602 1207 2745 1282 Sed
2794 1205 3099 1281 adverte
3150 1206 3348 1300 quod
3400 1207 3534 1281 ista
3585 1207 3794 1284 litera

1455 1327 1746 1403 videtur
1795 1329 2114 1402 multum
2167 1327 2477 1403 difficilis
2524 1333 2602 1403 et
2648 1327 3083 1422 dubitabilis,
3119 1326 3294 1422 quia
3329 1335 3545 1424 poeta
3594 1329 3800 1405 vide-

1455 1452 1579 1520 tur
1626 1446 1876 1523 dicere
1925 1468 2162 1521 unum
2214 1448 2412 1542 quod
2462 1468 2872 1542 numquam
2909 1447 3045 1523 suit
3076 1447 3352 1523 dictum
3390 1449 3507 1524 vel
3542 1448 3795 1524 fictum

1451 1590 1585 1666 per
1634 1569 1861 1644 alium
1914 1574 2233 1665 poetam,
2274 1568 2546 1644 scilicet
2586 1569 2784 1664 quod
2818 1589 3091 1645 aurora
3134 1570 3331 1643 lunae
3380 1569 3471 1644 sit
3522 1591 3797 1645 concu-

1451 1691 1621 1765 bina
1671 1690 1988 1783 Titonis3
2041 1689 2206 1764 ideo
2256 1689 2482 1784 aliqui
2532 1688 2881 1764 dixerunt
2929 1689 3129 1785 quod
3183 1697 3403 1765 autor
3452 1690 3797 1766 describit

1451 1810 1569 1885 hic
1617 1831 1971 1885 auroram
2022 1808 2215 1904 soliS,
2268 1809 2395 1884 sed
2443 1810 2584 1884 hoc
2636 1814 2747 1883 est
2797 1809 3061 1884 falsum
3124 1815 3197 1885 et
3246 1810 3689 1906 impossibile
3734 1810 3793 1883 si

1451 1930 1616 2026 quis
1665 1931 1855 2006 bene
1903 1929 2315 2005 consideret
2360 1929 2648 2004 literam
2684 1931 2921 2003 istam.
2959 1929 3135 2005 Dico
3169 1950 3350 2026 ergo
3385 1931 3584 2024 quod
3618 1931 3793 2004 sim-

1449 2049 1731 2147 pliciter
1763 2049 2105 2125 describit
2136 2069 2489 2124 auroram
2527 2049 2751 2142 lunae3
2788 2049 2917 2124 sed
2950 2069 3127 2124 cum
3152 2056 3369 2125 vocat
3404 2071 3571 2126 eam
3614 2071 3793 2127 con-

1449 2169 1791 2245 cubinam
1845 2171 2137 2265 Titonis,
2187 2168 2351 2246 dico
2411 2175 2485 2244 et
2544 2169 2789 2264 credo,
2854 2169 3053 2264 quod
3113 2175 3330 2264 poeta
3390 2178 3641 2246 noster
3704 2170 3797 2246 de

1450 2311 1644 2368 novo
1678 2293 1818 2367 hoc
1853 2291 2078 2389 fingit,
2113 2289 2303 2365 sicut
2342 2311 2559 2385 saepe,
2594 2290 2745 2364 imo
2779 2289 2989 2384 quasi
3025 2309 3319 2384 semper
3356 2291 3525 2366 facit
3565 2314 3795 2368 novas

1448 2411 1776 2489 fictiones
1813 2413 1885 2486 in
1919 2412 2121 2487 omni
2159 2411 2487 2487 materia.
2531 2410 3032 2507 consideravit
3063 2410 3262 2486 enim
3301 2412 3501 2506 quod
3535 2432 3794 2489 omnes

1448 2540 1684 2628 poetae
1731 2533 1908 2608 dant
1955 2552 2310 2607 auroram
2364 2531 2533 2605 solis
2585 2531 2658 2605 in
2710 2549 3021 2606 uxorem
3088 2531 3369 2626 Titoni3
3423 2531 3587 2608 ideo
3640 2533 3791 2628 ipse

1444 2653 1571 2727 dat
1617 2653 1716 2726 illi
1764 2651 2106 2746 amicam,
2157 2651 2429 2727 scilicet
2475 2672 2830 2727 auroram
2892 2652 3109 2746 lunae,
3162 2652 3337 2746 quia
3398 2673 3592 2728 uxor
3650 2661 3793 2730 stat

1446 2793 1674 2869 prope
1736 2775 2005 2866 virum,
2054 2771 2333 2848 amasia
2390 2791 2571 2848 vero
2631 2794 2678 2847 a
2738 2773 2978 2867 longe.
3045 2769 3217 2846 Vult
3274 2791 3455 2869 ergo
3519 2772 3789 2869 dicere,

1445 2892 1643 2988 quod
1693 2899 1854 2968 erat
1906 2891 2117 2967 tertia
2169 2894 2351 2966 hora
2404 2891 2633 2966 noctis
2682 2891 2964 2986 primae,
3016 2890 3189 2986 quia
3252 2912 3525 2967 aurora
3590 2894 3791 2968 lunae

1433 3015 1592 3110 jam
1645 3014 2015 3111 surgebat,
2067 3035 2237 3109 quae
2288 3019 2401 3088 est
2448 3013 2859 3088 concubina
2917 3011 3209 3086 Titonis.
3262 3012 3370 3086 Ad
3422 3012 3635 3088 cuius
3676 3013 3789 3088 in-

1443 3134 1918 3232 telligentiam
1973 3134 2198 3210 debes
2248 3132 2458 3228 scire,
2511 3133 2711 3228 quod
2760 3133 2969 3208 Titon
3034 3132 3225 3208 filius
3273 3133 3790 3208 Laomedontis

1444 3255 1638 3352 regis
1690 3255 1951 3330 troiani
2015 3276 2162 3330 non
2215 3255 2415 3350 jure,
2464 3255 2594 3330 sed
2656 3253 2935 3328 viribus
3000 3259 3076 3328 et
3135 3253 3411 3329 auxilio
3474 3254 3793 3330 fortunae

1442 3375 1825 3470 acquisivit
1873 3382 2152 3451 certam
2208 3381 2484 3451 terram
2538 3374 2613 3449 in
2662 3380 3003 3449 extremo
3042 3372 3364 3467 orientiS,
3400 3374 3613 3450 cuius
3652 3375 3791 3450 fuit

1442 3516 1614 3570 rex:
1666 3495 1832 3570 ideo
1871 3501 2106 3591 poetae
2155 3494 2529 3571 finxerunt
2580 3494 2780 3589 quod
2812 3493 3021 3569 Titon
3067 3501 3258 3569 esset
3293 3496 3605 3571 maritus
3638 3499 3791 3572 Au-

1441 3637 1658 3708 rorae,
1709 3614 1881 3710 quia
1931 3615 2185 3689 habuit
2242 3620 2550 3710 terram,
2604 3615 2799 3691 unde
2860 3614 3061 3691 venit
3119 3636 3474 3691 auroram
3540 3618 3791 3694 subie-

1438 3741 1631 3810 ctam
1685 3733 1842 3829 sibi,
1893 3734 2084 3809 sicut
2133 3735 2245 3809 vir
2298 3735 2520 3811 habet
2570 3751 2910 3828 uxorem,
2960 3740 3035 3811 et
3084 3754 3180 3811 ex
3230 3757 3321 3811 ea
3370 3739 3789 3832 procreavit

1437 3854 1671 3930 filium
1710 3855 2008 3931 nomine
2039 3856 2528 3949 Memnonem,
2566 3856 2693 3950 qui
2728 3856 2803 3929 in
2852 3856 3210 3931 auxilium
3265 3856 3459 3953 regis
3509 3858 3782 3935 Priami

1436 3978 1636 4052 venit
1685 3976 1778 4051 ad
1828 3976 2118 4051 Troiam
2168 3977 2350 4052 dum
2402 3975 2864 4052 obsideretur
2924 3998 2972 4052 a
3030 3976 3313 4073 graeciS,
3368 3986 3443 4051 et
3501 3977 3636 4051 fuit
3684 3978 3786 4053 ibi

1431 4097 1771 4173 bellando
1836 4105 2288 4194 peremptuS,
2340 4096 2530 4171 sicut
2576 4096 2827 4171 scribit
2891 4096 3252 4194 Virgilius·
3322 4096 3507 4172 Dicit
3572 4118 3787 4195 ergo,

1435 4216 1632 4313 quod
1681 4216 2090 4291 concubina
2140 4215 2410 4292 Titonis
2460 4216 2763 4311 antiqui,
2815 4215 3003 4293 idest
3050 4238 3324 4293 aurora
3377 4218 3596 4311 lunae,
3656 4208 3787 4309 ρίὰ

1429 4340 1487 4409 s’
1519 4337 1988 4427 ἱηιῠὶαηοαυα,
2039 4336 2245 4432 idest,
2300 4337 2648 4433 surgebat
2678 4328 2753 4429 (¹)
2802 4343 2881 4413 et
2928 4337 3329 4433 apparebat
3377 4338 3566 4431 alba,
3602 4336 3781 4431 quia

1431 4476 1705 4531 aurora
1740 4457 1934 4530 lunae
1969 4463 2081 4531 est
2113 4456 2301 4551 alba,
2338 4456 2465 4529 ubi
2496 4476 2773 4531 aurora
2806 4456 2979 4532 solis
3012 4463 3125 4533 est
3164 4457 3423 4550 rubea,
3458 4459 3535 4530 al
3564 4459 3779 4531 balzo

1432 4580 1504 4649 α’
1527 4579 1814 4669 oriente,
1863 4576 2070 4671 idest,
2119 4598 2164 4652 a
2219 4577 2537 4651 fenestra
2586 4576 2909 4671 orientiS,
2961 4575 3151 4651 sicut
3200 4576 3465 4651 mulier
3516 4578 3775 4673 pulcra

1431 4696 1597 4771 alba
1647 4716 1960 4792 surgens
2001 4695 2102 4772 de
2151 4697 2343 4771 lecto
2393 4696 2561 4771 facit
2610 4717 2693 4773 se
2740 4696 2835 4772 ad
2881 4684 3316 4790 fenestram3
3356 4696 3521 4772 ideo
3558 4696 3775 4772 dicit:

1424 4820 1599 4911 luor
1645 4820 1820 4891 delle
1870 4818 2182 4909 bruccia,
2218 4817 2393 4912 quia
2446 4816 2737 4893 videtur
2776 4817 3097 4913 ,iacuisse
3145 4817 3221 4894 in
3270 4820 3593 4895 thalamo
3632 4840 3773 4895 an-

1554 5073 1611 5137 (¹)
1646 5078 1753 5135 ¹1⁷,
1779 5075 1890 5139 jam
1921 5077 2180 5143 sur-gebu.
