4392 6850
1253 950 1539 1008 carus.
1580 953 1892 1010 uncinus
1941 957 2231 1010 sEx‘rUs,
2766 946 2907 1012 449

566 1094 928 1169 vocabulo
979 1093 1295 1190 speciali,
1348 1117 1482 1191 per
1545 1098 1744 1190 quod
1801 1106 1964 1174 erat
2021 1106 2279 1192 notus3
2332 1106 2407 1174 et
2456 1099 2553 1174 ita
2620 1099 2911 1196 publice

562 1213 986 1289 vocabatur.
1037 1215 1179 1290 Iste
1229 1215 1536 1292 florebat
1585 1217 1660 1291 in
1709 1217 1936 1315 Regio
1989 1225 2324 1315 tempore
2376 1220 2605 1294 nostri
2649 1228 2907 1316 poetae,

559 1353 736 1408 cum
785 1334 1042 1410 civitas
1087 1335 1210 1410 illa
1243 1343 1438 1412 esset
1479 1337 1552 1410 in
1587 1358 1859 1434 magno
1893 1339 2076 1414 flore
2115 1346 2190 1414 et
2224 1348 2619 1436 regeretur
2647 1341 2899 1416 libere.

561 1453 726 1528 Fuit
773 1461 1028 1530 autem
1082 1455 1197 1530 vir
1245 1457 1568 1550 prudens
1617 1464 1691 1532 et
1743 1465 2011 1554 rectus,
2061 1460 2217 1534 sani
2262 1461 2561 1552 consilii,
2612 1469 2909 1537 amatus

561 1581 638 1650 et
687 1576 1113 1671 honoratus,
1166 1577 1340 1670 quia
1389 1577 1667 1653 zelator
1717 1586 1880 1654 erat
1930 1580 2370 1676 reipublicae,
2408 1588 2485 1656 et
2535 1589 2907 1677 protector

561 1697 838 1794 patriae,
881 1698 1048 1774 licet
1087 1703 1264 1773 tunc
1297 1699 1418 1772 alii
1454 1706 1698 1774 essent
1727 1701 2188 1796 potentiores·
2217 1701 2293 1774 in
2328 1709 2529 1776 terra
2580 1702 2735 1778 illa:
2774 1702 2909 1776 fuit

560 1817 916 1913 liberalia
984 1819 1196 1894 cuius
1261 1819 1770 1896 liberalitatem
1821 1829 2040 1918 poeta
2085 1828 2341 1897 noster
2388 1827 2737 1917 'expertus
2796 1829 2907 1898 est

563 1938 815 2032 semel,
869 1946 1210 2034 receptus
1258 1947 1334 2015 et
1383 1940 1786 2016 honoratus
1835 1942 1931 2016 ab
1983 1961 2074 2016 eo
2121 1941 2198 2016 in
2256 1941 2479 2016 domo
2530 1963 2685 2015 sua.
2740 1943 2907 2016 Fuit

560 2058 782 2136 etiam
843 2058 1078 2134 Guido
1154 2060 1410 2154 pulcer
1485 2060 1823 2137 inventor
1888 2062 1962 2135 in
2033 2062 2380 2159 rhythmo
2446 2063 2760 2158 vulgari,
2822 2072 2909 2137 ut

559 2181 818 2276 pulcre
865 2186 1170 2275 apparet
1219 2181 1293 2255 in
1343 2181 1778 2276 quibusdam
1833 2181 2039 2257 dictis
2099 2183 2299 2275 eius3
2350 2183 2517 2258 ideo
2574 2181 2649 2256 in
2702 2203 2907 2258 com-

561 2299 1106 2376 mendationem
1155 2300 1316 2376 eius
1346 2301 1558 2376 dicit:
1592 2305 1710 2374 che
1745 2306 1870 2374 me'
1894 2306 1959 2376 si
1989 2323 2229 2394 noma,
2266 2303 2471 2397 idest,
2511 2303 2637 2396 qui
2672 2302 2909 2377 Guido

560 2419 826 2494 mellus
877 2419 1254 2494 nominata
1265 2442 1322 2514 r,
1367 2425 1962 2514 tranem-amente
2015 2425 2074 2496 ie
2129 2424 2449 2514 semplice
2504 2423 2899 2495 lombardo.

561 2539 718 2614 Hoc
767 2545 1148 2634 exponunt
1196 2540 1442 2634 aliqui,
1478 2541 1650 2634 quia
1683 2541 2219 2616 decurialitate
2270 2562 2405 2616 sua
2457 2548 2657 2615 lanta
2708 2542 2907 2616 fama

563 2659 794 2734 crevit
843 2679 980 2756 per
1037 2659 1443 2755 Franciam,
1495 2661 1692 2755 quod
1744 2660 2148 2736 vocabatur
2212 2660 2516 2754 simplex
2572 2661 2903 2736 lombar-

563 2780 734 2874 dus3
769 2779 897 2854 sed
932 2779 1119 2854 istud
1157 2785 1270 2854 est
1303 2799 1576 2854 vanum
1613 2780 1880 2874 dicere,
1929 2780 2162 2854 immo
2195 2780 2419 2855 debes
2460 2780 2669 2875 scire,
2707 2781 2903 2875 quod

561 2901 800 2997 gallici
853 2907 1118 2974 vocant
1165 2919 1424 2974 omnes
1475 2899 1750 2974 italicos
1801 2901 2255 2995 lombardos,
2275 2909 2353 2976 et
2376 2908 2731 2996 reputant
2776 2921 2903 2976 eos

566 3021 778 3096 valde
825 3027 1142 3114 astutos3
1193 3021 1360 3096 ideo
1407 3021 1598 3096 bene
1659 3021 1851 3116 dicit,
1903 3021 2102 3115 quod
2149 3021 2447 3117 proprie
2506 3027 2903 3096 vocaretur

561 3141 822 3239 gallice
870 3141 1178 3237 simplex
1229 3142 1676 3216 lombardus,
1728 3141 1976 3217 Simile
2034 3143 2237 3216 dixit·
2270 3163 2494 3238 supra
2556 3142 2649 3216 de
2708 3143 2904 3216 Hen-

563 3265 716 3340 rico
769 3280 946 3359 rege
995 3264 1411 3359 anglorum,
1450 3263 1580 3337 uhi
1623 3263 1843 3338 dixit:
1886 3267 2116 3338 vedete
2147 3267 2205 3336 il
2236 3286 2319 3337 re
2356 3265 2557 3338 dalla
2588 3265 2904 3354 complice

563 3388 725 3460 vita.
777 3384 865 3458 Et
913 3383 1122 3458 dicit:
1173 3386 1288 3457 Di'
1313 3387 1480 3475 σαφ’
1525 3386 1691 3457 mai.
1735 3382 1874 3459 Hic
1924 3383 2184 3459 ultimo
2220 3386 2530 3479 Marcus,
2568 3388 2904 3478 repetens

562 3512 638 3581 et
706 3505 1088 3580 declarans
1149 3502 1618 3599 principalem
1685 3504 2256 3599 conclusionem,
2307 3504 2521 3580 docet
2584 3510 2903 3599 poetam,

561 3625 736 3720 quid
807 3623 1078 3699 amodo
1149 3623 1414 3699 debeat
1481 3624 1922 3717 respondere
1969 3617 2042 3715 (¹)
2114 3624 2736 3720 interrogantibus
2814 3621 2907 3697 de

559 3746 748 3821 dicta
813 3742 1234 3837 quaestione.
1291 3742 1496 3819 Unde
1543 3743 1761 3818 dicit:
1817 3746 1932 3817 Di'
1957 3747 2125 3835 0992·
2173 3748 2321 3817 mai
2382 3746 2505 3817 che
2556 3746 2627 3816 la
2678 3744 2908 3815 chiesa

561 3870 636 3941 di
682 3871 936 3957 Roma,
985 3864 1190 3958 idest,
1242 3871 1488 3959 pastor
1534 3864 1886 3959 ecclesiae‚
1915 3886 2048 3957 per
2086 3866 2509 3958 contendere
2540 3867 2617 3935 in
2658 3884 2731 3935 se
2762 3864 2904 3935 duo

559 3988 995 4079 reyyimcnti,
1047 3990 1122 4059 et
1169 3984 1273 4058 sic
1340 3998 1488 4059 non
1541 3984 1760 4059 habet
1819 3986 2176 4080 ungulam
2240 3984 2513 4076 fissam,
2566 3984 2739 4056 cade
2788 3984 2906 4056 nel

555 4112 807 4203 fanan,
847 4105 1031 4180 idest
1077 4104 1156 4178 in
1203 4110 1611 4199 peccatum,
1647 4125 1686 4176 e
1733 4100 1813 4177 se*
1855 4104 2087 4177 brema
2127 4124 2164 4175 e
2207 4105 2280 4176 la
2320 4124 2547 4195 soma,
2584 4102 2788 4195 idest,
2826 4106 2902 4174 et

559 4228 663 4303 ita·
696 4227 920 4302 foedat
954 4224 1284 4322 regimen
1319 4223 1732 4299 christiana}
1765 4224 2166 4320 religionis,
2204 4232 2277 4298 et
2310 4244 2487 4299 vere
2523 4230 2739 4317 turpe
2786 4227 2901 4296 est

563 4348 818 4423 videre
847 4347 1302 4423 sacerdotem
1343 4350 1684 4442 togatum
1709 4351 1998 4420 armatu
2008 4367 2105 4418 m.-
2131 4386 2232 4401 -
2257 4346 2344 4418 Et
2384 4344 2625 4419 subdit
2660 4350 2896 4439 poeta,

561 4466 952 4563 quomodo·
993 4466 1148 4561 ipse
1221 4465 1770 4541 confirmaverit
1833 4464 2116 4539 dictum
2175 4466 2396 4539 Marci
2462 4463 2901 4539 auctoritate

560 4590 806 4665 Sacrae
839 4586 1256 4681 Scripturae.
1293 4586 1708 4681 Dicit-ergo
1727 4588 1878 4658 :-·0
1919 4590 2170 4659 Marco
2212 4589 2378 4676 mic,
2430 4588 2596 4659 diss'
2620 4588 2719 4676 ic,
2771 4585 2901 4657 ben

559 4712 978 4802 manmena,
1012 4728 1106 4783 ex
1141 4706 1664 4783 commixtione
1695 4705 1938 4801 gladii,
1975 4715 2050 4783 et
2083 4706 2281 4780 clare
2314 4704 2567 4801 arguis
2592 4724 2895 4778 causam

557 4836 690 4925 p'er
729 4828 1074 4905 effectum
1105 4852 1124 4900 ε
1169 4834 1246 4903 et
1295 4828 1434 4902 hoc
1469 4826 1680 4902 video
1715 4846 1808 4901 ex
1843 4826 2038 4899 bono
2075 4823 2509 4899 testimonio.
2545 4824 2652 4899 Ad
2689 4824 2903 4899 cuius

683 5086 740 5148 (¹)
769 5091 879 5147 11⁷,
911 5086 1227 5151 respondere
1257 5087 1622 5153 interrogatus.

826 5193 911 5236 m.
2580 5190 2635 5231 29
