4392 6850
2728 999 2867 1065 349

523 1333 856 1403 CANTUS
902 1336 1286 1404 DECIMUS
1334 1338 1718 1418 TERTIUS,
1753 1341 1825 1405 in
1860 1361 1979 1423 quo
2009 1345 2243 1407 tractat
2285 1341 2363 1406 de
2405 1340 2738 1422 ‹wir-itibus
2773 1340 2877 1404 in·

674 1449 1061 1515 vidiosorum
1103 1451 1267 1515 sutis
1309 1451 1419 1533 filo
1463 1451 1691 1534 ferreo,
1740 1457 1800 1516 et
1841 1453 2004 1517 sicut
2047 1452 2287 1517 locutus
2317 1456 2411 1517 est
2437 1450 2691 1517 Dcmtes
2734 1471 2872 1516 oum

680 1559 889 1642 aliquo
934 1581 1147 1626 eorum
1191 1561 1339 1626 olim
1381 1559 1585 1644 Sapia
1629 1562 1706 1627 de
1750 1560 1950 1640 Senia,
1997 1583 2135 1645 quoe
2177 1561 2378 1628 multa
2421 1563 2493 1627 in
2536 1562 2725 1628 siaenul
2771 1583 2873 1629 re·

678 1678 1077 1754 captaverunt
1137 1673 1214 1739 de
1278 1675 1399 1739 isto
1465 1676 1634 1752 vitio,
1706 1680 1766 1739 et
1832 1675 1993 1740 sicut
2056 1675 2205 1757 ipsa
2273 1675 2523 1759 royavit
2589 1673 2870 1739 Dantem

665 1780 1079 1866 precatur-um
1109 1804 1238 1866 pro
1280 1786 1446 1869 apsa.

670 2013 924 2187 Νι
953 2134 1290 2187 eravamo
1323 2116 1402 2186 al
1428 2134 1697 2186 sommo
1729 2115 1913 2187 della
1946 2116 2164 2187 scala.
2195 2115 2593 2208 Postquam
2630 2115 2704 2187 in
2739 2135 2869 2188 su-

522 2234 788 2329 periori
841 2234 1158 2329 capitulo
1210 2233 1544 2329 proxime
1594 2232 2033 2328 praecedenti
2083 2240 2299 2329 poeta
2336 2239 2585 2309 noster
2618 2234 2869 2308 docuit

525 2353 918 2428 refraenare
985 2353 1402 2449 superbiam
1472 2354 1969 2449 multifariam,
2037 2362 2111 2429 et
2173 2354 2403 2429 finivit
2472 2361 2867 2429 tractatum

523 2474 906 2569 superbiae,
960 2495 1156 2548 nunc
1205 2480 1743 2569 consequenter
1793 2475 1945 2572 agit
1994 2482 2068 2551 et
2123 2482 2385 2551 tractat
2444 2475 2537 2551 de
2600 2475 2868 2549 invidia

525 2615 691 2688 quae
742 2599 1103 2690 purgatur
1153 2594 1226 2666 in
1279 2594 1601 2668 secundo
1645 2594 1942 2669 circulo.
1982 2597 2067 2669 Et
2107 2603 2344 2671 totum
2384 2616 2707 2691 praesens
2745 2616 2871 2670 ca-

526 2714 833 2811 pitulum
887 2713 1233 2787 dividitur
1267 2714 1340 2787 in
1378 2719 1527 2788 tres
1561 2721 1807 2810 partes
1840 2717 2246 2813 generales.
2285 2718 2364 2789 In
2398 2717 2636 2813 prima
2678 2736 2866 2810 qua-

527 2857 693 2910 rum
747 2840 962 2930 poeta
1012 2834 1356 2908 describit
1406 2834 1765 2910 subtiliter
1785 2828 1859 2928 (¹)
1908 2836 2102 2909 viam
2143 2836 2349 2911 istius
2383 2837 2680 2912 secundi
2722 2837 2869 2911 cir-

525 2956 690 3050 culi,
728 2961 802 3029 et
835 2955 1050 3029 docet
1084 2975 1503 3050 praecavere
1537 2955 1878 3030 invidiam
1917 2978 2048 3052 per
2093 2959 2431 3054 exempla
2464 2958 2865 3033 dilectionis

526 3085 601 3152 et
650 3076 971 3152 caritatis
1005 3076 1523 3151 contrariantia
1558 3076 1676 3149 illi.
1722 3077 1800 3150 In
1834 3078 2154 3152 secunda
2188 3078 2532 3154 describit
2567 3100 2863 3174 poenam

525 3203 597 3273 et
647 3197 1155 3293 purgationem
1210 3196 1625 3270 invidorum
1680 3196 1754 3270 in
1804 3198 2156 3294 generali,
2198 3197 2334 3271 ibi:
2371 3203 2497 3271 Ma
2540 3201 2740 3292 ficca.
2782 3198 2865 3271 In

523 3318 735 3393 tertia
789 3325 862 3391 et
915 3317 1170 3391 ultima
1223 3316 1564 3391 describit
1615 3339 1849 3391 unum
1902 3318 2234 3414 spiritum
2291 3319 2732 3394 modernum
2790 3318 2866 3392 in

522 3439 845 3536 speciali,
897 3439 1109 3513 cuius
1161 3460 1369 3513 mens
1419 3438 1491 3511 in
1546 3439 1691 3512 vita
1742 3440 2089 3535 crepabat
2139 3439 2428 3535 invidia,
2481 3441 2618 3515 ibi:
2656 3447 2714 3514 A
2760 3461 2869 3514 me

514 3582 814 3653 pareva.
872 3559 975 3633 Ad
1027 3559 1346 3654 primum
1411 3559 1709 3633 veniens
1759 3558 1944 3653 dico,
2011 3560 2208 3653 quod
2258 3567 2473 3654 poeta
2524 3559 2865 3635 describit

523 3681 765 3755 locum
803 3702 974 3755 cum
1011 3680 1575 3754 circumstantiis
1617 3679 1786 3774 suiS,
1836 3678 1963 3754 sed
1999 3679 2238 3775 primo
2274 3679 2645 3776 praemittit
2685 3702 2867 3756 con-

523 3800 998 3874 tinuationem
1056 3819 1264 3873 more
1316 3820 1493 3893 suo;
1547 3799 1719 3893 quia
1771 3800 1969 3874 enim
2024 3799 2097 3872 in
2149 3798 2296 3874 fine
2341 3801 2633 3896 capituli
2675 3821 2866 3896 prae-

523 3919 840 3995 cedentis
890 3919 1370 4014 descripserat
1418 3939 1803 3993 ascensum
1858 3920 1948 3993 ad
2002 3919 2409 3994 secundum
2475 3920 2863 4013 circulum,

520 4040 684 4115 ideo
737 4061 932 4114 nunc
982 4039 1476 4114 continuative
1525 4040 1857 4134 ostendit,
1911 4039 2108 4133 quod
2159 4039 2316 4135 J‘am
2371 4047 2864 4134 pervenerant

523 4161 613 4235 ad
666 4161 884 4235 finem
952 4161 1140 4234 iliius
1201 4181 1547 4235 ascensus
1566 4185 1586 4255 ;
1647 4161 1815 4234 dicit
1877 4181 2103 4258 ergo:
2171 4163 2310 4233 Noi
2374 4181 2713 4235 eravamo
2789 4163 2868 4233 al

522 4303 788 4355 sommo
837 4283 1022 4354 della
1069 4284 1292 4371 scala,
1345 4280 1635 4374 scilicet,
1671 4279 2012 4354 secundae
2063 4279 2525 4375 praescriptae,
2577 4282 2754 4353 dove
2800 4284 2863 4353 si

523 4405 773 4494 rileya,
827 4401 1033 4495 idest,
1095 4400 1515 4497 recingitur,
1568 4407 1644 4473 et
1695 4399 2072 4496 religatur,
2096 4402 2196 4484 ,lo
2258 4407 2509 4491 monte,
2562 4398 2857 4492 scilicet,

524 4522 946 4621 purgatorii,
998 4525 1118 4595 che
1164 4523 1491 4610 dismala,
1541 4520 1723 4594 idest
1773 4526 2042 4616 purgat
2089 4541 2133 4594 a
2189 4520 2409 4614 malo,
2446 4519 2650 4614 idest,
2687 4539 2861 4615 pec-

523 4650 706 4738 cato,
759 4645 1013 4736 αἰανῆ
1063 4641 1255 4716 sicut
1304 4640 1499 4714 enim
1559 4638 1861 4713 morbus
1920 4639 2251 4734 corporis
2298 4645 2704 4736 generatur
2764 4659 2858 4714 ex

523 4762 991 4858 corruptione
1044 4763 1472 4854 humorum,
1518 4758 1618 4833 ita
1655 4759 1961 4833 morbus
1993 4759 2220 4833 animi
2255 4781 2346 4834 ex
2383 4759 2861 4856 corruptione

525 4883 912 4977 vitiorum3
967 4888 1041 4957 et
1091 4882 1306 4957 dicit:
1358 4884 1673 4972 salendO,
1737 4881 1911 4974 quia
1970 4880 2334 4976 gradatim
2394 4881 2856 4956 ascendendo

647 5142 704 5208 (¹)
736 5144 798 5194 E.
831 5143 1089 5195 subtiliter
1118 5144 1407 5204 materiam,
1441 5156 1530 5194 seu
1565 5142 1719 5193 viam.
