4392 6850
1448 948 1593 1015 524
2170 955 2583 1012 commun
2630 956 3070 1011 runessonn

1445 1128 1666 1181 mam.
1704 1104 1911 1179 Unde
1942 1103 2149 1179 dicit:
2184 1106 2243 1177 ε’
2267 1106 2338 1177 io
2369 1104 2647 1177 rieorno
2699 1122 2748 1175 a
2795 1106 3068 1196 compit-
3099 1104 3170 1177 10
3208 1107 3512 1177 canum
3559 1112 3788 1197 corto,

1442 1226 1625 1301 idest
1654 1219 1751 1320 (¹),
1807 1230 2143 1300 revertar
2190 1225 2286 1299 ad
2339 1222 2702 1297 mundum
2749 1222 2844 1298 ad
2892 1222 3396 1319 peragendum
3437 1223 3614 1299 illud
3667 1244 3790 1299 re-

1444 1346 1729 1441 liqnum
1782 1346 1949 1422 vitoe
2000 1344 2198 1440 quod
2264 1344 2439 1418 mihi
2507 1348 2758 1437 restat,
2809 1344 3008 1439 quod
3071 1348 3184 1419 est
3244 1344 3788 1439 brevissimum,

1446 1466 1615 1543 licet
1664 1467 2000 1543 videatur
2050 1468 2398 1563 longum3
2450 1465 2614 1540 ideo
2663 1464 2869 1541 dicit:
2911 1468 2988 1539 di
3025 1468 3251 1559 quella
3291 1469 3459 1558 vita,
3493 1467 3792 1562 scilicet,

1448 1588 1853 1683 temporali,
1888 1588 1993 1661 ch'
2016 1590 2095 1661 αἱ
2132 1590 2422 1661 termine
2468 1588 2662 1677 vola,
2695 1584 2904 1680 idest,
2933 1585 3026 1660 ad
3081 1592 3394 1663 mortem
3447 1586 3794 1663 citissime

1445 1710 1699 1785 currit.
1730 1748 1831 1763 -
1852 1714 1943 1783 Et
1986 1712 2119 1783 elli.
2156 1708 2288 1781 Hic
2323 1712 2537 1803 poeta
2585 1706 2784 1803 ponit
2829 1706 3374 1802 responsionem
3409 1708 3600 1783 illins
3630 1709 3794 1783 ani·-

1447 1847 1617 1904 mae.
1664 1830 1753 1905 Et
1801 1830 1897 1904 ad
1945 1829 2321 1904 sciendum
2374 1826 2748 1923 quomodo
2797 1833 3012 1922 poeta
3052 1827 3256 1923 juste
3303 1835 3647 1905 movetur
3695 1830 3792 1905 ad

1447 1952 1939 2027 damnandam
1998 1951 2214 2025 istam
2278 1950 2604 2045 stirpem,
2674 1954 2788 2023 est
2851 1947 3092 2043 primo
3153 1948 3792 2044 considerandum,

1448 2072 1669 2167 quod,
1720 2072 1910 2147 sicut
1958 2070 2032 2145 in
2082 2069 2520 2165 quibusdam
2581 2068 2940 2143 chronicis
3007 2068 3390 2143 memoriae
3438 2071 3792 2145 traditum

1447 2193 1834 2289 reperitur,
1889 2212 1983 2267 ex
2032 2189 2384 2287 progenie
2431 2208 2792 2285 generosa
2841 2186 3216 2262 clarissimi
3259 2188 3496 2263 Caroli
3551 2190 3792 2288 Magni

1444 2314 1656 2389 multi
1734 2333 1949 2410 reges
2022 2317 2526 2409 regnaverunt
2587 2310 2660 2383 in
2725 2307 2954 2383 Gallia
3013 2328 3148 2403 per
3205 2310 3454 2385 secula
3515 2311 3792 2406 multa3

1447 2435 1577 2511 sed
1625 2454 1795 2508 cum
1856 2432 2145 2507 tandem
2203 2429 2671 2505 remansisset
2705 2429 2778 2502 in
2813 2448 3046 2525 regno
3079 2448 3174 2503 ex
3209 2428 3576 2504 Ludovico
3613 2451 3794 2528 rege

1447 2556 1686 2631 solum
1740 2553 2037 2648 quidam
2091 2550 2407 2646 pupillus
2458 2570 2606 2625 non
2657 2549 2964 2625 idoneus
3010 2568 3244 2645 regno
3303 2556 3597 2645 propter
3649 2550 3790 2623 im-

1449 2673 1913 2749 becillitatem
1946 2672 2206 2766 aetatiS,
2239 2670 2456 2766 Hugo
2489 2669 3052 2767 cognominatus
3091 2668 3438 2765 Ciapetta,
3477 2690 3790 2767 magnus

1450 2793 1661 2889 regni
1708 2792 2192 2885 senescalcus,
2229 2790 2304 2865 in
2344 2790 2556 2865 cuius
2591 2789 2932 2865 manibus
2967 2811 3100 2865 rex
3137 2798 3634 2885 praemortuus
3669 2808 3792 2867 re-

1450 2912 1769 3008 liquerat
1816 2912 2141 2987 habenas
2177 2910 2407 3008 regni‚
2443 2917 2700 3006 captus
2739 2930 2936 2985 caeca
2969 2910 3360 3006 cupiditate
3413 2910 3786 3007 regnandi

1450 3032 1663 3128 pueri
1712 3033 1859 3107 fata
1909 3031 2286 3127 praevenit,
2335 3037 2409 3105 et
2469 3030 2572 3104 sic
2623 3029 2789 3105 dolo
2841 3030 3040 3104 malo
3098 3030 3431 3125 pervenit
3487 3030 3579 3105 ad
3631 3050 3792 3106 sce-

1450 3160 1723 3251 ptrum.
1776 3152 1909 3227 Alii
1962 3159 2210 3227 tamen
2261 3150 2614 3245 scribunt,
2665 3150 2864 3245 quod
2895 3150 3136 3247 HugO‚
3167 3150 3512 3227 defuncto
3544 3152 3792 3226 Ludo-

1450 3276 1614 3353 vico
1647 3276 1706 3349 V
1756 3274 1913 3349 sine
1954 3272 2222 3366 liberis,
2259 3272 2526 3347 francis
2573 3272 2976 3347 transferre
3013 3271 3423 3347 volentibus
3475 3292 3788 3369 regnum

1448 3395 1543 3471 ad
1574 3396 1921 3471 Car-olum
1956 3393 2224 3470 ducem
2259 3393 2744 3491 Lotharingiae
2781 3397 3130 3490 patruum
3165 3392 3390 3490 ipsius
3421 3394 3792 3490 Ludovici,

1450 3517 1835 3612 mun-pavit
1882 3535 2222 3611 regnum,
2275 3520 2349 3588 et
2399 3514 2746 3590 Carolum
2795 3535 2970 3589 cum
3007 3513 3168 3588 filiis
3211 3513 3400 3588 mori
3434 3514 3622 3590 iecit.
3659 3513 3794 3590 Alii

1450 3643 1699 3712 tamen
1748 3635 1961 3711 aliter
2012 3635 2342 3711 colorant
2391 3635 2585 3709 istud
2635 3635 2952 3730 factum3
2987 3641 3063 3710 et
3095 3641 3310 3730 poeta
3360 3641 3608 3710 noster
3659 3637 3795 3710 ho-

1452 3756 1729 3834 nestius
1781 3755 2107 3852 loquitur
2164 3756 2258 3830 de
2314 3756 2456 3830 hac
2505 3775 2588 3829 re
2647 3754 3013 3830 subticens
3075 3755 3424 3830 infamem
3487 3754 3792 3829 modum

1452 3877 1929 3974 promotionis
1977 3876 2344 3974 Hugonis:
2396 3883 2472 3951 et
2519 3875 2690 3951 dicit
2755 3882 3066 3971 tantum,
3117 3875 3316 3970 quod
3375 3876 3588 3974 Hugo
3638 3877 3794 3950 suf-

1452 3997 1687 4095 rmgio
1721 3998 2037 4074 fortunae
2070 4003 2145 4072 et
2179 3997 2432 4072 favore
2471 3995 2882 4072 amicorum
2919 3995 3243 4071 ascendit
3281 3996 3578 4072 culmen
3613 3995 3792 4070 tanti

1452 4117 1661 4216 regni
1714 4139 1807 4192 ex
1860 4117 2280 4192 macellaria
2331 4114 2554 4212 patris
2618 4115 2949 4210 taberna,
2999 4113 3212 4191 cuius
3269 4114 3792 4190 descendentes

1450 4239 1671 4334 longo
1720 4228 1975 4313 ordine
2026 4235 2573 4330 successerunt'3
2608 4234 2931 4330 quor‘um
2965 4235 3188 4330 aliqui
3225 4255 3357 4331 per
3407 4235 3788 4310 avaritiam

1448 4364 1525 4434 et
1578 4358 2053 4434 ambitionem
2118 4357 2352 4431 multa
2419 4357 2628 4430 mala
2674 4356 3032 4449 fecerunt,
3089 4355 3184 4430 de
3245 4356 3514 4450 quibus
3579 4361 3790 4452 poeta

1448 4480 1787 4574 quiedam
1816 4498 2051 4576 pauca
2084 4477 2410 4553 breviter
2441 4476 2728 4573 attingit
2747 4469 2848 4568 (²).
2877 4477 2983 4552 Ad
3013 4477 3302 4552 literam
3337 4497 3520 4574 ergo
3551 4476 3792 4573 primo

1446 4598 1639 4693 dicit,
1666 4599 1866 4694 quod
1898 4599 2019 4674 ille
2056 4597 2422 4674 recusavit
2457 4596 2875 4672 mercedem
2913 4597 3046 4671 sibi
3083 4597 3556 4693 promissam:
3595 4596 3792 4674 unde

1445 4717 1654 4792 dicit:
1706 4724 1797 4792 Ec
1854 4721 1993 4806 elli,
2042 4718 2336 4812 scilicet,
2406 4719 2620 4813 Hugo
2691 4717 3095 4812 respondit:
3155 4722 3240 4792 Io
3305 4721 3356 4792 εἰ
3409 4711 3598 4811 αἰνὰ,
3649 4717 3792 4794 sci-

1447 4839 1633 4933 licet,
1688 4841 1852 4932 quis
1902 4838 2194 4934 fuerim,
2247 4859 2390 4912 non
2433 4859 2568 4932 per
2615 4841 2936 4931 conforto
2985 4841 3090 4912 ch'
3113 4841 3184 4912 io
3234 4841 3518 4912 attenda
3563 4841 3642 4913 di
3687 4829 3789 4931 ld,

1578 5098 1633 5162 (¹)
1665 5097 1727 5148 E.
1759 5097 1889 5148 idest
1918 5099 1961 5148 si
1992 5103 2228 5149 revertar
2257 5098 2322 5149 nd
2353 5099 2570 5150 domum
2601 5099 2666 5150 nd
2697 5101 3068 5164 peragendum.
3273 5096 3334 5161 (⁸)
3363 5099 3428 5150 B.
3459 5099 3729 5164 contingit.
