4392 6850
1505 938 1645 1005 530
2223 948 2633 1003 comruu
2681 948 3118 1003 runenonu

1498 1116 1627 1189 sa3
1680 1095 1851 1189 quia
1914 1115 2083 1169 cum
2150 1094 2388 1168 elatus
2449 1114 2790 1169 successu
2854 1112 3294 1189 magnarum
3360 1090 3837 1165 victoriarum

1498 1222 1829 1311 speraret
1890 1215 2228 1308 maiores,
2282 1214 2457 1288 vidit
2507 1213 2978 1288 rebellionem
3033 1211 3290 1286 Siciliae
3339 1218 3415 1286 et
3461 1212 3841 1305 captivita-

1502 1342 1651 1410 tem
1722 1336 1845 1408 filii
1896 1334 2035 1429 sui,
2088 1334 2212 1429 qui
2265 1340 2551 1429 poterat
2609 1332 2912 1408 interfici
2975 1332 3048 1407 in
3114 1331 3502 1405 vindictam
3562 1331 3842 1405 Conra-

1500 1456 1677 1551 dini,
1710 1456 1769 1529 si
1820 1456 2043 1529 hostis
2094 1455 2442 1531 voluisset
2489 1454 2694 1528 abuti
2745 1454 3070 1546 victoria,
3107 1452 3294 1529 sicut
3343 1453 3496 1549 ipse
3545 1452 3838 1527 fecerat.

1504 1576 1592 1649 Et
1642 1584 1981 1649 mortuus
2048 1581 2157 1649 est
2220 1596 2391 1650 cum
2461 1575 2736 1669 dolore,
2799 1574 2945 1649 filio
3010 1573 3252 1649 adhuc
3317 1580 3716 1648 carcerato.
3743 1614 3842 1627 —

1516 1701 1767 1791 Tempo
1816 1700 2013 1789 veyq'
2036 1700 2129 1769 io.
2182 1696 2314 1770 Hic
2352 1696 2566 1793 Hugo
2617 1695 2830 1770 valde
2875 1696 3278 1770 detestatur
3327 1696 3546 1769 vilem
3597 1695 3843 1769 avari-

1504 1818 1681 1892 tiam
1730 1818 2035 1891 alterius
2080 1816 2342 1892 Caroli.
2395 1818 2536 1892 Iste
2585 1816 2892 1891 Carolus
2939 1815 3034 1891 de
3083 1816 3322 1890 valois
3371 1815 3844 1912 cognomina-

1507 1945 1627 2010 tus
1677 1938 1834 2012 sine
1886 1944 2109 2032 terra,
2160 1938 2389 2012 frater
2436 1936 2734 2031 Philippi
2785 1937 3052 2030 Pulcri,
3090 1942 3394 2010 vocatus
3443 1934 3518 2008 in
3567 1933 3841 2010 italiam

1506 2077 1641 2153 per
1698 2057 2149 2131 Bonifacium
2219 2057 2358 2130 sub
2425 2057 2722 2131 nomine
2771 2055 3191 2151 pacificandi
3248 2054 3714 2149 Florentiam,
3769 2060 3845 2129 et

1507 2176 1809 2274 gerendi
1846 2178 2120 2252 bellum
2156 2181 2414 2251 contra
2438 2175 2781 2269 Siciliam,
2809 2176 3036 2271 ipsam
3073 2176 3512 2250 Florentiam
3551 2196 3846 2249 summe

1506 2296 1959 2391 disturbavit,
2014 2304 2096 2369 ut
2170 2297 2384 2391 plene
2441 2288 2790 2391 scriptum
2853 2302 2963 2371 est
3029 2296 3294 2370 Inferni
3364 2296 3680 2392 capitulo
3730 2294 3842 2367 vl.

1506 2417 1783 2492 Deinde
1830 2426 2119 2493 armata
2172 2437 2439 2513 magna
2499 2416 2732 2491 classe
2779 2415 2972 2511 apud
3022 2416 3422 2509 Neapolim,
3471 2435 3644 2489 cum
3698 2415 3847 2488 Ro—

1509 2537 1718 2612 berto
1786 2537 1932 2610 filio
1991 2536 2231 2611 Caroli
2265 2536 2324 2608 ΙΙ
2377 2536 2505 2608 ivit
2563 2542 2820 2608 contra
2879 2534 3245 2627 Siciliam3
3313 2534 3440 2608 sed
3492 2534 3564 2608 in
3614 2534 3846 2629 brevi,

1510 2656 1697 2731 sacta
1731 2656 2090 2732 'simulata
2144 2664 2218 2729 et
2271 2656 2518 2730 infami
2571 2676 2774 2751 pace,
2811 2676 3152 2731 reversus
3187 2660 3297 2729 est
3331 2655 3402 2728 in
3435 2654 3846 2747 Franciam,

1510 2776 1791 2873 perdita
1846 2797 2112 2869 magna
2162 2782 2372 2871 parte
2421 2796 2576 2849 suae
2625 2775 2881 2871 gentis
2927 2775 3092 2849 ldeo
3133 2774 3324 2849 bene
3373 2775 3442 2847 in
3495 2774 3656 2849 eius
3703 2775 3849 2848 im-

1512 2896 1934 2991 properium
1998 2894 2275 2969 dictum
2347 2902 2502 2969 est:
2554 2893 2860 2968 Carolus
2923 2893 3122 2969 venit
3187 2893 3261 2966 in
3325 2894 3658 2967 Tusciam
3711 2915 3848 2989 pro

1510 3036 1714 3111 pace,
1752 3021 1831 3089 et
1874 3014 2167 3109 reliquit
2218 3014 2312 3088 ibi
2363 3014 2682 3089 bellum:
2717 3019 2792 3088 et
2839 3014 2968 3086 ivit
3001 3014 3074 3086 in
3113 3012 3426 3087 Siciliam
3463 3034 3598 3108 pro
3629 3014 3848 3109 bello,

1510 3140 1587 3209 et
1622 3136 2019 3231 reportavit
2052 3135 2220 3209 inde
2255 3135 2808 3232 ignominiosam
2847 3154 3126 3229 pacem.
3162 3134 3347 3208 Dicit
3379 3154 3562 3231 ergo
3594 3135 3846 3232 Ilugo:

1520 3262 1773 3349 Tempo
1824 3260 2114 3347 veqy’io
2162 3276 2306 3327 non
2357 3258 2566 3329 molto
2615 3258 2801 3347 dopo
2851 3258 3082 3346 ancoi,
3133 3255 3308 3349 quia
3374 3275 3506 3350 per
3567 3278 3844 3331 annum

1512 3384 1759 3472 postea
1813 3377 1949 3450 suit
1998 3376 2188 3451 istud
2245 3377 2544 3470 sactum,
2597 3378 2718 3450 che
2767 3384 3018 3468 trayye
3059 3396 3155 3448 tm
3193 3379 3382 3450 altro
3421 3380 3635 3450 Carlo
3681 3381 3854 3473 fuor-

1510 3499 1589 3569 di
1634 3502 1971 3590 Francia,
2024 3499 2197 3592 quia
2251 3499 2354 3572 sic
2419 3497 2610 3572 dicta
2667 3505 2778 3571 est
2834 3518 2879 3570 a
2937 3498 3314 3572 Francone
3379 3496 3592 3592 duce,
3639 3501 3758 3573 vel
3807 3521 3852 3574 a

1516 3616 1917 3714 ferocitate,
1969 3618 2377 3692 secundum
2427 3617 2812 3710 Isidorum,
2859 3639 2994 3710 per
3035 3621 3164 3712 far
3209 3639 3540 3690 conos-cer
3605 3623 3853 3710 meqlio

1516 3759 1555 3809 e
1602 3735 1681 3811 se*
1724 3741 1781 3810 ε’
1816 3743 2009 3830 suoi;
2044 3739 2169 3832 qui
2223 3760 2416 3833 saepe
2466 3761 2598 3833 per
2645 3739 3026 3814 avaritiam
3080 3739 3297 3811 nimis
3345 3738 3850 3833 deliquerunt:

1517 3857 1716 3951 quod
1768 3859 2115 3933 continuo
2149 3859 2494 3953 declarat,
2521 3878 2691 3932 cum
2727 3855 2936 3931 dicit:
2969 3862 3370 3931 senz'arme
3401 3863 3650 3950 n'esce,
3679 3859 3852 3953 quia

1514 3976 1655 4050 sub
1706 3977 1913 4052 titulo
1964 3977 2384 4073 pacificandi
2435 3977 2660 4053 exivit
2707 3998 2754 4052 a
2803 3977 3132 4072 Francia,
3191 3985 3266 4052 et
3317 3999 3460 4052 non
3515 4000 3695 4052 usus
3741 3984 3852 4053 aet

1516 4099 1785 4194 apertis
1834 4099 2113 4172 viribus
2174 4119 2384 4173 more
2443 4099 2838 4195 gallorum,
2889 4098 3016 4173 sed
3076 4098 3351 4195 perfida
3403 4098 3850 4195 proditione3

1518 4218 1715 4293 unde
1754 4219 1959 4293 dicit:
1996 4241 2035 4291 e
2064 4223 2216 4292 solo
2249 4241 2380 4291 con
2420 4222 2494 4292 la
2525 4221 2758 4292 lancia
2791 4221 3032 4293 conta
3063 4221 3234 4312 qual
3267 4211 3536 4310 yiostrc)
3575 4222 3804 4292 Giuda
3819 4246 3852 4312 ‚-

1518 4345 1592 4411 et
1644 4337 1933 4412 videtur
1982 4339 2257 4432 optima
2307 4339 2804 4433 comparati03
2841 4339 3014 4432 quia
3049 4339 3238 4413 sicut
3271 4339 3494 4413 Judas
3543 4337 3852 4434 prodidit

1519 4458 1889 4532 Christum
1942 4480 2075 4552 pro
2124 4458 2461 4554 pecunia,
2503 4459 2600 4532 ita
2645 4459 2780 4533 iste
2830 4468 3226 4554 corruptus
3263 4459 3574 4555 pecunia
3613 4459 3855 4556 prodi-

1520 4576 1624 4650 dit
1672 4579 2147 4672 Bonil'acium,
2202 4579 2328 4672 qui
2379 4586 2776 4654 vocaverat
2825 4599 3024 4653 eum.
3063 4579 3266 4654 Unde
3315 4579 3524 4654 dicit:
3559 4601 3598 4651 e
3629 4583 3858 4670 quella

1514 4705 1761 4790 ponta,
1813 4698 2016 4794 idest,
2083 4699 2416 4795 impingit
2474 4698 2672 4772 illam
2735 4699 3092 4794 lanceam,
3153 4692 3214 4772 si
3269 4700 3372 4772 αι’
3397 4720 3448 4772 a
3505 4703 3858 4773 Horetum

1514 4823 1602 4914 sa
1648 4823 1975 4912 scopfflar
2024 4824 2097 4894 la
2148 4824 2432 4913 pano-ia.
2503 4819 2592 4892 Et
2649 4825 2759 4892 est
2823 4819 3318 4915 propriissima
3381 4820 3854 4914 comparatio,

1523 4940 1693 5035 quia
1746 4961 1839 5014 eo
1889 4947 2224 5035 tempore
2273 4940 2637 5014 Florentia
2687 4946 2850 5014 erat
2901 4940 3112 5015 valde
3153 4940 3606 5035 corpulenta,
3645 4939 3856 5033 plena

1524 5061 1825 5154 civibuS,
1875 5061 2121 5135 inflata
2170 5059 2536 5156 superbia.
2581 5059 2669 5132 Et
2719 5059 2852 5133 iste
2899 5059 3206 5134 Carolus
3255 5059 3460 5134 scidit
3508 5079 3674 5134 eam
3723 5080 3857 5156 per
