4392 6850
1221 917 1503 973 CANTUS
1554 919 1868 975 DECIMUS
1914 920 2258 976 OCTAVUS.
2770 910 2911 976 477

574 1066 728 1135 tum
782 1080 956 1135 cum
1007 1062 1300 1159 gaudi0,
1352 1056 1493 1137 cosi
1554 1085 1747 1138 come
1806 1068 1863 1138 il
1912 1070 2122 1160 fuoco
2178 1068 2442 1139 moveri
2505 1068 2582 1139 in
2644 1068 2909 1158 almo-a,

570 1184 770 1278 idest,
823 1204 919 1258 ex
972 1184 1085 1258 sui
1144 1190 1409 1261 natura
1470 1207 1763 1282 semper
1822 1187 2050 1261 tendit
2108 1208 2434 1282 sursum,
2479 1208 2614 1281 per
2661 1190 2736 1259 la
2781 1208 2914 1261 sua

566 1310 805 1401 forma
853 1308 954 1379 clt'
982 1300 1025 1379 e*
1066 1314 1239 1381 nata
1286 1328 1335 1380 a
1382 1310 1623 1400 salire,
1656 1307 1861 1403 idest,
1914 1314 2022 1384 est
2072 1316 2240 1404 apta
2293 1314 2462 1383 nata
2511 1308 2606 1382 ad
2651 1328 2914 1383 ascen-

570 1426 914 1521 dendum,
967 1416 1041 1501 ld
1089 1427 1290 1520 dove,
1340 1427 1633 1523 scilicet,
1686 1428 1761 1501 in
1812 1450 2025 1524 spera
2074 1449 2236 1524 sua,
2281 1422 2404 1522 pia)
2451 1431 2528 1501 in
2576 1449 2706 1501 sua
2755 1448 2912 1500 ma-

573 1555 723 1621 tera
770 1549 977 1621 dura.
1032 1546 1119 1620 Et
1168 1554 1279 1622 est
1321 1547 1772 1643 comparatio
1810 1547 2489 1625 convenientissima
2525 1547 2617 1621 de
2651 1566 2910 1622 amore

568 1668 658 1742 ad
709 1667 983 1764 ignem,
1018 1666 1299 1741 ratione
1341 1666 1674 1761 levitatiS,
1708 1666 2085 1742 caliditatis
2134 1673 2211 1742 et
2259 1667 2618 1763 potentiae.
2647 1708 2746 1721 —
2779 1670 2903 1741 Or.

432 1870 443 1881 ‚
566 1787 698 1863 Hic
748 1788 1009 1862 ultimo
1060 1786 1401 1883 Virgilius
1448 1794 1743 1863 ostenso
1793 1788 1968 1882 quid
2027 1788 2116 1861 sit
2172 1807 2411 1882 amor,
2462 1794 2538 1863 et
2587 1787 2784 1861 unde
2831 1792 2908 1861 et

569 1907 941 2004 quomodo
988 1913 1391 2003 generatur
1440 1907 1512 1981 in
1560 1907 1789 2003 nobiS,
1836 1927 2034 1982 nunc
2084 1906 2358 2005 detegit
2389 1926 2724 1982 errorem
2759 1926 2908 1981 cae-

568 2048 853 2122 corum,
906 2027 999 2103 de
1048 2027 1315 2121 quibus
1365 2027 1650 2103 dixerat
1698 2049 1945 2125 supra.
1982 2028 2167 2102 Dicit
2202 2048 2416 2124 ergo:
2473 2032 2578 2103 Or
2617 2030 2670 2101 ti
2697 2032 2912 2119 puote

565 2170 906 2243 apparer,
957 2148 1247 2242 scilicet,
1298 2168 1391 2223 ex
1440 2148 1599 2243 jam
1664 2148 1891 2243 dictis,
1944 2151 2183 2243 quant
2209 2142 2250 2221 ἐ
2303 2170 2634 2240 nascosa,
2700 2146 2904 2240 idest,

564 2271 809 2367 ignota
863 2274 936 2343 et
986 2268 1341 2363 ignorata,
1378 2270 1451 2342 la
1486 2272 1794 2343 veritade
1826 2271 1975 2343 alla
2008 2276 2208 2361 yeme
2255 2272 2664 2361 cla’avvera,
2699 2267 2903 2362 idest,

564 2410 698 2486 pro
749 2408 931 2463 vero
980 2388 1179 2483 ponit
1230 2394 1305 2464 et
1342 2390 1685 2484 affirmat,
1720 2393 2047 2463 ciascuno
2079 2412 2351 2482 amore,
2389 2390 2558 2465 boni
2599 2396 2672 2465 et
2709 2388 2903 2483 mali,

564 2514 638 2583 in
684 2530 759 2582 se
808 2508 1122 2581 laudabit
1165 2528 1357 2600 cosa,
1408 2509 1663 2604 supple
1712 2530 1895 2603 esse,
1930 2510 2130 2603 quod
2173 2516 2424 2585 tamen
2464 2530 2612 2584 non
2647 2514 2777 2584 est.
2815 2510 2906 2582 Et

564 2630 883 2726 assignat
916 2648 1215 2703 causam
1254 2628 1527 2703 erroris
1560 2628 1895 2723 istorum,
1940 2630 2116 2724 quia
2150 2628 2711 2705 considerabant
2742 2648 2904 2703 ma-

562 2750 825 2825 teriam
878 2746 1363 2823 amoris‘esse
1412 2748 1704 2842 bonam,
1758 2771 1929 2824 cum
1985 2750 2157 2824 nihil
2207 2749 2430 2846 possit
2477 2749 2712 2823 amari
2764 2748 2900 2823 nisi

564 2870 881 2963 bonum3
935 2867 1061 2943 sed
1112 2888 1258 2942 non
1308 2867 1861 2944 considerabant
1913 2871 2110 2965 quod
2159 2870 2432 2965 aliquid
2483 2875 2720 2966 potest
2769 2888 2903 2963 ap-

562 3008 825 3083 parere
875 2988 1177 3082 bonum,
1228 2988 1425 3081 quod
1475 2995 1723 3064 tamen
1774 2990 1847 3064 in
1898 3010 1979 3065 se
2030 2992 2310 3065 malum
2365 2996 2497 3084 est,
2533 2988 2662 3065 sed
2695 3008 2904 3062 ama-

562 3118 687 3183 tur
720 3115 1103 3201 tamquam
1138 3127 1495 3203 apparens
1528 3108 1841 3203 bonum3
1870 3109 2069 3184 unde
2100 3110 2310 3185 dicit:
2337 3103 2516 3203 perd
2548 3100 2670 3182 'che
2703 3112 2899 3202 forse

560 3251 833 3324 appare
882 3232 955 3301 la
1002 3250 1135 3301 sua
1182 3235 1482 3319 matera,
1521 3228 1813 3324 scilicet,
1847 3230 2143 3325 amoris,
2180 3230 2252 3303 in
2291 3237 2651 3324 quantum
2685 3248 2904 3303 amor·

560 3356 692 3444 est,
725 3370 999 3442 sempre
1030 3370 1218 3421 esser
1250 3348 1526 3443 buona5
1560 3355 1635 3423 et
1668 3348 1857 3424 bene
1890 3349 2061 3425 dicit
2093 3354 2418 3446 apparet,
2455 3349 2626 3445 quia
2662 3348 2898 3446 posito

560 3471 754 3566 quod
782 3470 853 3545 id
879 3469 1076 3564 quod
1101 3475 1396 3544 amatur
1426 3488 1719 3564 semper
1752 3477 2103 3565 appareat
2136 3471 2440 3564 bonum,
2469 3491 2617 3546 non
2645 3475 2894 3544 tamen

558 3611 852 3687 semper
911 3591 1014 3665 sic
1062 3597 1193 3684 est,
1244 3590 1443 3684 quod
1491 3590 1815 3665 declarat
1864 3591 2003 3663 sub
2054 3592 2482 3686 metaphora
2531 3591 2788 3686 pulcra
2821 3583 2896 3682 (⁴)

559 3711 841 3787 dicens:
870 3731 989 3783 ma
1010 3731 1155 3782 non
1180 3713 1505 3784 ciascuno
1536 3731 1752 3801 scyno
1777 3705 1819 3783 e*
1836 3711 2091 3800 ὸαοπο,
2118 3731 2370 3803 ancer,
2395 3711 2603 3806 idest,
2631 3731 2900 3805 quam-

558 3832 688 3927 vis,
739 3833 859 3904 clee
906 3833 1141 3904 buona
1181 3833 1291 3904 sia
1339 3833 1414 3904 la
1462 3851 1657 3922 cera,
1716 3829 1921 3925 idest,
1988 3829 2359 3926 signatum
2391 3821 2488 3924 (¹).
2541 3821 2894 3919 Quamvis

558 3951 749 4027 enim
806 3971 976 4026 cera
1026 3951 1116 4026 sit
1151 3951 1225 4024 in
1259 3971 1339 4024 se
1373 3950 1588 4044 bona,
1624 3971 1771 4024 non
1808 3955 2057 4025 tamen
2090 3969 2315 4025 omne
2363 3949 2652 4047 signum
2689 3950 2888 4044 quod

557 4072 1001 4168 imprimitur
1040 4071 1113 4145 in
1164 4090 1256 4147 ea
1307 4076 1416 4144 est
1464 4070 1785 4164 bonum3
1832 4069 1931 4146 ita
1966 4071 2197 4166 posito
2249 4072 2447 4165 quod
2499 4092 2618 4146 res
2667 4089 2892 4165 super

557 4213 779 4288 quam
818 4191 1173 4267 fundatur
1222 4210 1436 4265 amor
1485 4189 1575 4263 sit
1624 4189 1697 4262 in
1748 4209 1827 4264 se
1876 4189 2091 4284 bona,
2130 4197 2376 4266 tamen
2419 4196 2653 4286 potest
2687 4190 2894 4265 inde-

556 4313 701 4388 bite
733 4313 995 4407 amari,
1033 4313 1221 4386 sicut
1254 4332 1427 4385 cum
1471 4310 1635 4404 quis
1674 4310 1895 4384 nimia
1948 4331 2131 4385 cura
2179 4317 2384 4386 amat
2433 4310 2889 4407 temporalia,

554 4441 627 4508 et
678 4434 910 4509 multo
962 4433 1220 4507 fortius
1270 4432 1327 4506 si
1388 4429 1863 4527 apprehendit
1924 4451 2084 4504 rem
2150 4433 2424 4506 malam
2487 4453 2620 4528 pro
2670 4432 2886 4506 bona.

697 4559 791 4627 Le
838 4561 947 4628 tue
982 4556 1261 4647 parole.
1314 4553 1457 4628 Ista
1507 4559 1619 4627 est
1667 4551 1983 4660 secunda
2044 4571 2214 4647 pars
2270 4553 2637 4649 generalis
2697 4553 2890 4626 diffl-

550 4670 753 4748 cilior
803 4674 1061 4769 prima,
1100 4673 1171 4748 in
1215 4693 1364 4768 qua
1404 4679 1617 4767 poeta
1652 4679 1904 4746 movet
1937 4692 2161 4746 unam
2198 4673 2680 4767 quaestionem
2719 4693 2892 4768 quae

552 4793 789 4868 oritur
840 4815 933 4870 ex
991 4793 1459 4890 responsione
1506 4791 1805 4888 Virgilii,
1842 4793 2037 4886 quod
2079 4792 2384 4867 dubium
2419 4800 2562 4870 stat
2593 4800 2890 4870 senten-

676 5055 730 5116 (·)
765 5057 870 5114 117,
906 5055 1113 5116 propria
1145 5053 1337 5106 dicens.
1606 5050 1661 5114 (³)
1695 5053 1757 5102 E.
1786 5053 2069 5118 signatum:
2102 5053 2206 5104 hoc
2235 5057 2315 5105 est
2343 5053 2576 5118 quamvis
2605 5054 2762 5104 enim.
