4392 6850
1421 956 1514 1023 30
2149 965 2558 1021 coMEN‘rUM
2607 967 3045 1021 runGA‘ronu

1421 1113 1615 1186 rium
1645 1108 1720 1204 (¹)
1775 1132 1952 1186 vero
2004 1110 2344 1185 famulari
2396 1116 2624 1205 atque
2675 1111 2978 1205 servire,
3032 1110 3273 1206 primo
3324 1111 3768 1186 studuerunt

1417 1252 1684 1308 eorum
1734 1232 2048 1328 patriam
2109 1231 2269 1306 fore
2332 1231 2666 1325 liberam,
2724 1230 2987 1306 deinde
3054 1230 3451 1311 dominam.
3515 1233 3771 1308 Nonne

1416 1354 1690 1427 Brutus
1738 1353 2021 1448 primus
2088 1359 2309 1427 autor
2368 1372 2699 1426 romanae
2767 1350 3119 1425 libertatis
3184 1371 3518 1426 amorem
3583 1353 3772 1427 illius

1415 1473 1734 1568 praetulit
1798 1473 2036 1548 amori
2108 1472 2455 1567 fillorum,
2519 1492 2707 1567 quos
2766 1470 2906 1544 sub
2976 1470 3207 1545 oculis
3286 1471 3437 1545 suis
3502 1495 3773 1571 magno

1415 1594 1662 1668 animo
1715 1594 1883 1669 fecit
1939 1592 2194 1687 occidi,
2248 1593 2420 1687 quia
2482 1612 2696 1689 reges
2756 1613 2801 1666 a
2859 1612 2939 1666 se
3006 1592 3349 1686 expulsos
3414 1593 3773 1669 reducere
3921 1591 3933 1602 '

1416 1715 1927 1790 conabantur?
1979 1721 2054 1788 et
2112 1713 2264 1809 ipse
2325 1713 2609 1788 fortiter
2672 1733 3007 1808 pugnans
3072 1712 3146 1785 in
3208 1732 3471 1807 campo
3539 1713 3766 1788 filium

1418 1835 1614 1931 regis
1656 1855 1914 1909 amore
1941 1833 2275 1911 vindictae
2308 1835 2515 1908 hasta
2554 1833 2934 1927 transfixit,
2972 1834 3067 1906 ab
3103 1853 3193 1907 eo
3220 1833 3495 1928 pariter
3530 1841 3770 1910 trans-

1419 1954 1668 2028 fixus?
1717 1956 1974 2029 Nonne
2025 1954 2395 2050 Virginius
2456 1959 2937 2050 recuperator
2995 1953 3349 2027 libertatis
3406 1975 3769 2049 oppressae

1419 2073 1821 2170 virginiam
1876 2074 2233 2170 virginem
2290 2073 2513 2147 filiam
2568 2073 2940 2168 propriam
2988 2093 3214 2146 manu
3256 2093 3390 2146 sua
3426 2075 3770 2151 et-alieno

1418 2193 1660 2290 gladio
1712 2194 1942 2268 libere
1991 2193 2301 2268 occidit?
2334 2193 2751 2268 Notandum
2799 2192 3019 2268 etiam
3074 2192 3273 2287 quod
3324 2193 3550 2288 aliqui
3599 2202 3771 2268 sunt

1419 2313 1630 2387 liberi
1683 2323 1758 2390 et
1807 2313 1999 2388 servi
2049 2334 2096 2387 a
2147 2319 2439 2408 natura,
2476 2313 2700 2408 aliqui
2750 2335 2797 2388 a
2849 2314 3166 2409 fortuna,
3206 2321 3289 2386 ut
3323 2315 3582 2408 probat
3615 2316 3771 2411 phi-

1419 2437 1766 2532 losophus
1827 2437 2012 2509 libro
2078 2435 2597 2510 Politicorum:
2662 2435 3095 2510 naturaliter
3152 2435 3346 2509 enim
3410 2437 3769 2531 sapientes

1417 2564 1492 2631 et
1545 2557 1670 2650 qui
1723 2555 1973 2651 vigent
2023 2555 2394 2630 intellectu
2439 2555 2939 2649 dominantur,
2975 2562 3049 2629 et
3084 2555 3495 2650 insipientes
3536 2563 3611 2630 et
3644 2575 3767 2630 ca-

1422 2683 1664 2752 rentes
1720 2677 2004 2752 ratione
2053 2676 2407 2750 serviunt.
2461 2676 2597 2750 Alii
2648 2695 2829 2750 vero
2879 2674 3075 2750 servi
3130 2685 3205 2752 et
3267 2675 3477 2750 liberi
3528 2697 3569 2750 a
3624 2676 3771 2752 for-

1423 2804 1627 2891 tuna,
1681 2797 1869 2871 sicut
1919 2796 2108 2891 capti
2142 2797 2217 2869 iu
2250 2796 2441 2870 bello
2478 2795 2902 2871 efficiuntur
2937 2794 3131 2869 servi
3174 2795 3640 2890 capientium,
3694 2803 3767 2870 et

1419 2919 1732 2993 victores
1757 2917 1968 2992 liberi
2003 2917 2394 3012 imponunt
2427 2916 2627 3012 leges
2663 2915 2867 2990 victis
2903 2915 2995 2989 de
3030 2915 3207 3010 jure
3246 2915 3601 3012 gentium,
3637 2922 3770 2990 aut

1417 3041 1672 3135 praetio
1707 3038 2054 3113 vendunt.
2092 3037 2181 3109 Et
2215 3036 2390 3130 quid
2426 3037 2740 3132 populus
2774 3036 2957 3110 liber
2992 3041 3280 3131 poterat
3313 3036 3491 3110 dare
3526 3036 3765 3110 maius

1417 3159 1804 3234 libertate?
1855 3158 2058 3232 Unde
2110 3157 2311 3231 Titus
2344 3156 2745 3231 Flaminius
2780 3155 3034 3230 consul
3079 3176 3452 3265 romanuS,
3488 3157 3582 3233 de
3616 3177 3763 3252 quo

1418 3277 1609 3353 facta
1661 3285 1772 3353 est
1823 3277 2094 3352 mentio
2144 3277 2366 3372 paulo
2418 3298 2667 3372 supra,
2702 3275 3009 3350 libe-rata
3054 3274 3336 3350 Graecia
3386 3275 3480 3350 de
3532 3277 3766 3350 mani-

1417 3399 1558 3473 bus
1609 3397 1911 3494 Philippi
1963 3398 2156 3494 regis
2200 3397 2661 3491 Macedoniae,
2698 3395 3031 3471 oratione
3070 3395 3454 3493 magnifica
3496 3398 3767 3471 exhor-

1417 3526 1616 3593 tatus
1665 3524 1778 3594 est
1825 3538 2106 3615 graecos
2156 3518 2249 3591 ad
2300 3518 2736 3611 libertatem,
2788 3523 2863 3591 et
2911 3516 3141 3613 gratis
3196 3516 3496 3591 donavit
3546 3517 3767 3592 liber-

1419 3647 1646 3717 tatem
1698 3640 2041 3713 omnibus
2091 3638 2505 3713 civitatibus
2555 3637 2893 3732 Graeciae3
2946 3637 3109 3712 ideo
3154 3637 3248 3712 ad
3298 3658 3561 3712 sonum
3616 3646 3763 3714 tam

1410 3761 1758 3855 jocundae
1809 3761 2030 3854 vociS,
2086 3766 2235 3834 tam
2290 3760 2499 3838 laetus
2548 3765 2625 3833 et
2673 3759 2866 3832 altus
2918 3758 3198 3832 clamor
3240 3751 3471 3832 factus
3514 3766 3645 3854 est,
3684 3768 3768 3835 ut

1417 3900 1596 3955 aves
1646 3880 1737 3955 de
1789 3880 1975 3954 coelo
2026 3880 2370 3954 cecidisse
2412 3878 2782 3953 dicantur:
2821 3878 3168 3973 quoniam
3206 3879 3493 3951 nullum
3532 3879 3767 3955 maius

1421 3999 1725 4094 bonum,
1777 4000 2064 4073 nullum
2117 3998 2405 4073 dulcius
2454 3998 2633 4073 dare
2683 4004 2992 4094 poterat.
3040 4000 3387 4074 Naturale
3422 4000 3618 4075 enim
3656 4008 3767 4076 est

1418 4120 1621 4194 omni
1665 4119 1939 4193 homini
1989 4119 2176 4194 allici
2225 4119 2575 4194 libertatis
2619 4139 2909 4213 amore3
2946 4118 3110 4194 ideo
3142 4120 3333 4194 bene
3366 4121 3543 4195 Cato
3578 4122 3763 4197 liber

1423 4243 1647 4316 homo
1681 4248 1900 4316 natus
1934 4242 2008 4314 in
2042 4240 2274 4316 libera
2299 4240 2593 4315 civitate
2624 4240 2892 4315 merito
2927 4239 3187 4315 oderat
3220 4240 3609 4335 Caesarem,
3638 4242 3765 4336 qui

1425 4361 1840 4438 libertatem
1895 4360 2469 4457 quingentorum
2521 4380 2889 4435 annorum
2940 4360 3343 4435 abstulerat
3381 4361 3474 4437 de
3504 4364 3761 4438 Roma.

1417 4481 1832 4556 Notandum
1888 4480 2135 4576 etiam,
2188 4480 2389 4576 quod
2440 4501 2619 4555 vera
2673 4480 2973 4557 libertas
3036 4502 3417 4575 nunquam
3470 4482 3767 4557 inventa

1419 4606 1552 4695 est,
1605 4606 1678 4675 et
1729 4582 2094 4695 nusquam
2149 4620 2287 4675 nec
2338 4600 2533 4696 apud
2584 4621 2954 4696 romanoS,
3008 4621 3146 4677 nec
3206 4602 3403 4697 apud
3456 4623 3763 4700 graecoS,

1421 4725 1495 4794 et
1554 4719 1788 4794 multo
1857 4720 2102 4795 minus
2168 4720 2367 4816 apud
2447 4721 2629 4795 alios
2696 4723 3027 4818 populoS,
3088 4728 3339 4797 tamen
3412 4744 3765 4799 romanus

1419 4838 1557 4913 fuit
1607 4839 1902 4915 liberior
1936 4841 2215 4917 cunctis
2250 4848 2325 4915 et
2364 4842 2635 4916 diutius
2654 4866 2675 4937 ;
2712 4848 2787 4916 et
2828 4842 3067 4917 omnis
3100 4844 3434 4939 populuS,
3470 4845 3763 4938 quando

1546 5107 1604 5172 (¹)
1637 5112 1747 5169 11⁷,
1780 5108 2121 5173 ingloriosum
2154 5123 2297 5163 vero.
