4392 6850
1411 997 1688 1056 CANTUS
1739 999 2082 1056 DEchS.
2779 991 2921 1058 275

573 1147 910 1218 removet
957 1141 1054 1216 ab
1103 1161 1270 1236 usu,
1319 1145 1378 1216 il
1422 1145 1574 1216 mal
1613 1165 1820 1218 amor
1851 1147 2008 1218 del?
2035 1147 2285 1218 anime.
2340 1145 2473 1220 Hic
2506 1152 2679 1222 nota
2717 1145 2917 1241 quod

571 1261 766 1338 sicut
811 1269 1030 1358 poeta
1093 1269 1344 1338 noster
1409 1263 1666 1358 pulcre
1729 1264 1976 1340 scribit
2040 1265 2225 1339 infra
2276 1265 2597 1360 capitulo
2646 1267 2913 1340 XVIII:

570 1401 788 1458 amor
837 1388 952 1456 oet
1001 1401 1226 1456 causa
1276 1383 1614 1457 omnium
1666 1384 2038 1458 actionum
2085 1391 2509 1460 nostrarum
2556 1385 2917 1462 virtutum

571 1509 646 1578 et
695 1502 1072 1596 vitiorum,
1121 1503 1489 1578 bonorum
1541 1511 1618 1579 et
1682 1505 2074 1580 malorum.
2138 1506 2371 1580 Amor
2435 1527 2617 1603 ergo
2678 1508 2919 1581 malus

571 1629 682 1700 est
731 1623 1029 1717 quando
1079 1623 1488 1698 inordinate
1537 1645 1881 1699 amamus
1914 1626 2186 1720 aliquid
2226 1627 2506 1702 bonum
2560 1629 2755 1702 ultra
2788 1627 2921 1702 de-

571 1744 848 1838 bitum;
895 1743 1086 1819 sicut
1136 1744 1432 1839 quando
1467 1745 1810 1840 ponimus
1861 1746 2279 1822 felicitatem
2331 1747 2407 1822 in
2454 1748 2739 1842 divitiis,
2784 1750 2923 1822 ho-

569 1863 900 1958 noribus,
947 1863 1292 1959 potentia,
1345 1865 1842 1960 voluptatibus
1891 1873 1968 1940 et
2027 1865 2405 1961 similibus,
2456 1868 2573 1942 vel
2624 1867 2919 1962 quando

567 1984 786 2058 nimis
821 1983 1130 2060 remisse
1177 2005 1522 2060 amamus
1570 2006 1954 2061 summum
1989 1988 2295 2081 bonum,
2332 1986 2603 2062 scilicet
2635 1987 2915 2064 Deum:

567 2113 644 2181 et
691 2104 830 2180 iste
883 2106 1123 2180 malus
1171 2125 1388 2180 amor
1437 2113 1550 2181 est
1597 2127 1822 2182 causa
1870 2106 2206 2181 omnium
2247 2105 2591 2180 vitiorum
2642 2106 2920 2202 capita-

567 2224 746 2298 lium
801 2245 972 2320 quae
1021 2225 1137 2300 hic
1167 2218 1242 2319 (¹)
1293 2226 1726 2322 puniuntur.
1787 2228 1876 2302 Et
1930 2227 2253 2324 assignat
2302 2247 2631 2319 causam,
2682 2247 2921 2320 quare

567 2352 776 2439 porta
847 2345 1254 2442 purgatorii
1319 2345 1490 2422 facit
1555 2346 1842 2422 animas
1908 2347 2347 2422 desuescere
2410 2351 2485 2422 et
2546 2347 2923 2422 dediscere

565 2465 789 2539 istum
844 2467 1124 2540 malum
1175 2487 1513 2541 amorem
1567 2467 1640 2540 in
1690 2467 2142 2562 poenitentia,
2179 2467 2451 2560 dicens,
2487 2463 2766 2559 perche',
2802 2468 2922 2541 ille

567 2605 807 2680 amor,
853 2589 938 2681 sa
989 2589 1062 2660 la
1113 2590 1230 2660 via
1269 2595 1486 2679 torta,
1519 2587 1814 2680 scilicet,
1847 2595 2319 2683 peccatorum
2360 2589 2477 2662 vel
2520 2588 2917 2682 malorum,

558 2725 788 2798 parer
835 2708 1080 2798 dnua,
1129 2706 1302 2800 quia
1355 2706 1528 2781 nihil
1581 2714 1816 2803 potest
1863 2707 2100 2783 amari
2137 2708 2271 2781 nisi
2314 2708 2591 2782 bonum
2633 2707 2749 2782 vel
2784 2729 2917 2803 ap-

569 2847 836 2922 parens
884 2827 1190 2902 honum.
1243 2827 1361 2902 Sic
1423 2849 1606 2925 ergo
1665 2829 1852 2923 vide,
1907 2829 2104 2924 quod
2165 2835 2387 2903 autor
2437 2829 2599 2902 vult
2642 2828 2911 2922 dicere,

567 2948 766 3042 quod
829 2948 1150 3022 servavit
1215 2955 1666 3044 praeceptum
1697 2940 1774 3041 (²)
1834 2949 2008 3044 quia
2065 2948 2345 3023 audivit
2401 2954 2687 3043 portam
2750 2965 2911 3022 esse

565 3068 893 3141 clausam
947 3087 1080 3162 per
1129 3067 1556 3161 stridorem3
1587 3067 1779 3142 sicut
1818 3069 2018 3143 enim
2073 3068 2345 3144 fecerat
2398 3087 2749 3166 magnum
2787 3087 2909 3140 so-

563 3207 746 3260 num
797 3185 874 3260 in
922 3193 1296 3281 apertura,
1347 3185 1446 3262 ita
1511 3187 1678 3262 fecit
1735 3188 1810 3261 in
1873 3188 2243 3280 clausura,
2304 3193 2379 3262 et
2439 3193 2687 3262 tamen
2756 3187 2907 3280 ipse

561 3327 710 3380 non
761 3307 1222 3402 retrospexit,
1273 3313 1348 3382 et
1397 3307 1586 3384 bene
1639 3308 1824 3384 fecit.
1893 3307 2098 3382 Unde
2162 3307 2614 3403 interrogat:
2668 3328 2706 3379 e
2752 3309 2809 3378 s’
2834 3310 2907 3380 io

561 3431 791 3501 avessi
849 3430 1018 3501 volti
1077 3431 1178 3520 922·
1233 3430 1450 3519 ecclei,
1513 3429 1784 3505 scilicet
1853 3428 2140 3521 mentis,
2202 3431 2303 3501 ad
2362 3448 2545 3519 essa,
2613 3425 2907 3521 scilicet,

562 3554 874 3643 portam,
909 3551 1080 3641 qual
1117 3552 1290 3644 sora
1337 3556 1524 3624 stata
1571 3552 1806 3641 deyna
1853 3570 2060 3623 seusa
2109 3552 2188 3623 al
2225 3552 2459 3645 sallo?
2492 3548 2713 3641 idest,
2738 3566 2907 3641 quae

566 3668 816 3743 fuisset
855 3669 1056 3765 justa
1108 3670 1484 3745 excusatio
1545 3670 1780 3746 errori
1834 3675 2064 3746 meo?
2114 3671 2325 3765 quasi
2383 3670 2619 3744 dicat:
2674 3669 2932 3764 nulla;⁴

565 3789 728 3864 ideo
776 3790 968 3864 bene
1023 3788 1196 3865 dicit
1258 3790 1580 3866 Seneca:
1651 3794 1888 3865 Tollite
1935 3795 2443 3881 excusatiorem,
2494 3810 2695 3866 nemo
2741 3810 2909 3883 pec-

565 3917 682 3983 cat
725 3914 976 3984 invitus
987 3937 1019 4003 ‚·
1073 3915 1148 3985 et
1205 3910 1280 3985 in
1330 3913 1472 3987 hoc
1523 3912 1752 4009 tangit
1801 3913 2018 3987 tacite
2071 3913 2343 3986 multos
2392 3910 2518 4005 qui
2562 3915 2911 4003 quaerunt

567 4030 1076 4105 excusationes
1123 4032 1440 4126 peccatis
1489 4032 1689 4126 suis3
1745 4033 1940 4107 unde
2003 4033 2379 4129 eleganter
2438 4029 2733 4125 quidam
2789 4048 2910 4101 sa-

565 4150 826 4225 cerdos
873 4150 1162 4225 Domini
1209 4152 1390 4226 dixit
1437 4152 1804 4247 peccatori
1853 4152 2154 4226 dicenti:
2211 4170 2453 4225 nonne
2491 4150 2756 4223 Petrus
2790 4168 2909 4222 sa-

566 4270 824 4345 cerdos
875 4292 1186 4369 magnus
1237 4273 1498 4348 totiens
1563 4272 1858 4369 negavit
1919 4272 2349 4346 Christum?
2409 4270 2547 4357 Qui
2609 4275 2909 4345 secutus

566 4412 646 4465 es
694 4399 1096 4487 errantem,
1143 4414 1462 4487 sequere
1509 4393 2008 4489 poenitentem.
2045 4391 2317 4465 Dantes
2353 4411 2533 4487 ergo
2568 4398 2909 4465 constans

568 4532 712 4585 non
765 4514 1076 4589 revolvit
1123 4534 1226 4607 se,
1293 4534 1389 4588 ne
1447 4513 1786 4609 perderet
1847 4512 2170 4588 animam
2235 4532 2471 4607 suam,
2532 4511 2721 4585 sicut
2770 4510 2909 4583 Or-

565 4633 798 4727 pheus
853 4654 1160 4709 uxorem
1213 4655 1454 4727 suam,
1506 4632 1695 4709 sicut
1745 4634 1998 4729 pulcre
2031 4632 2443 4728 expositum
2486 4639 2598 4707 est
2638 4630 2904 4707 Inferni

568 4754 882 4850 capitulo
931 4755 1070 4827 1111.
1097 4794 1198 4809 —
1224 4756 1380 4828 Noi.
1433 4754 1644 4829 Nunc
1695 4760 1908 4850 poeta
1959 4754 2302 4829 describit
2349 4752 2664 4850 primam
2708 4753 2902 4827 viam

567 4873 970 4968 purgatorii
1035 4874 1245 4949 valde
1303 4874 1694 4968 difficilem,
1746 4874 2052 4949 dicens:
2117 4876 2255 4947 Noi
2310 4876 2635 4966 salivam,
2697 4872 2903 4967 idest,

689 5062 744 5121 (¹)
777 5060 839 5110 E.
873 5067 1140 5123 ponuntur
1171 5067 1224 5112 et
1256 5076 1373 5126 quo
1406 5062 1492 5112 hic
1525 5062 1827 5125 puniuntur.

693 5136 750 5200 (⁸)
784 5142 878 5187 117
905 5150 938 5188 e
969 5137 1030 5188 B.
1061 5144 1384 5201 preceptum
1414 5139 1600 5203 angell,
1631 5137 1772 5203 quia.
