4392 6850
1473 940 1624 1012 m
2197 951 2609 1006 commu
2657 952 3097 1006 Puneuonu

1467 1095 1852 1190 aequaliter
1903 1095 2132 1190 posita
2185 1095 2375 1169 inter
2414 1095 2773 1192 justitiam
2810 1101 2885 1170 et
2918 1095 3519 1172 misericordiam.
3564 1099 3651 1172 Et
3682 1098 3813 1172 de-

1470 1215 1720 1292 scribit
1769 1215 2279 1291 excellentiam
2329 1216 2689 1291 dictorum
2724 1211 2799 1308 (¹)
2849 1218 3311 1314 angelorum,
3362 1218 3649 1294 dicens:
3686 1219 3819 1292 bem

1465 1337 1828 1410 di‘seemea
1875 1340 1950 1410 in
2001 1339 2140 1428 lor,
2191 1336 2486 1432 scilicet,
2536 1337 2839 1434 angelis,
2916 1340 2990 1411 la
3066 1345 3236 1412 testa
3291 1339 3579 1430 hianda,
3630 1340 3815 1416 idest

1465 1475 1828 1550 auream3
1879 1463 2180 1552 propter
2230 1457 2431 1551 quod
2480 1455 2753 1554 figurat
2804 1457 3323 1552 perfectionem
3376 1459 3807 1556 angelicam,

1465 1575 1656 1650 sicut
1689 1597 1964 1651 aurum
1999 1583 2110 1652 est
2143 1576 2753 1673 perfectissimum
2790 1576 3284 1671 metallorum,
3312 1598 3431 1650 ma
3456 1581 3632 1652 nelle
3650 1583 3813 1672 sac-

1465 1699 1568 1770 cie
1617 1698 1912 1769 l'ocelaio
1949 1699 2014 1770 si
2059 1698 2404 1788 smarria,
2439 1703 2739 1792 propter
2772 1717 3161 1772 excessum
3202 1697 3602 1792 splendoris
3642 1719 3815 1793 pro-

1465 1815 1788 1892 cedentis
1821 1837 1865 1892 a
1901 1815 2225 1892 faciebus
2276 1837 2564 1912 eorum,
2600 1837 2823 1913 quem
2868 1817 3131 1893 oculus
3180 1824 3428 1892 noster
3478 1818 3811 1894 infirmus

1465 1940 1830 2014 sustinere
1863 1960 2011 2040 non
2044 1940 2275 2034 valet3
2311 1939 2474 2015 ideo
2507 1938 2715 2016 dicit:
2750 1959 2943 2012 come
2992 1934 3187 2014 vera)
3224 1941 3326 2013 ck'
3352 1961 3401 2012 a
3450 1945 3701 2032 troppo
3748 1943 3811 2014 si

1463 2065 1846 2156 confonda,
1887 2061 2076 2136 sicut
2108 2060 2345 2134 virtus
2392 2060 2620 2134 visiva
2678 2065 3035 2156 gravatur
3093 2059 3185 2134 ad
3245 2059 3537 2135 radium
3596 2060 3805 2153 solis;

1463 2188 1538 2258 et
1585 2182 1679 2256 de
1729 2181 1836 2256 rei
1889 2181 2196 2256 veritate
2247 2179 2655 2256 intellectus
2692 2185 2941 2254 noster
2972 2199 3166 2275 saepe
3216 2179 3599 2274 alteratur,
3652 2201 3809 2254 non-

1464 2302 1714 2377 valens
1763 2321 2072 2376 cernere
2119 2301 2236 2374 vel
2276 2299 2901 2394 comprehendere
2937 2299 3505 2394 profunditatem
3540 2299 3799 2376 divinae

1451 2421 1754 2519 justitiae
1816 2421 1933 2496 vel
1995 2419 2534 2496 misericordiae.
2588 2421 2677 2492 Et
2734 2419 3044 2494 ostendit
3102 2419 3426 2496 officium
3492 2419 3797 2496 istorum

1461 2546 1926 2639 angelorum,
1977 2543 2271 2618 dicens:
2322 2545 2507 2618 disse
2554 2545 2901 2633 Sordelto,
2954 2543 3127 2618 mihi
3194 2543 3583 2619 admiranti
3644 2545 3797 2620 illos

1461 2665 1802 2761 angelos:
1855 2663 2062 2736 ambo
2112 2685 2383 2755 veqnon
2418 2665 2533 2736 del
2558 2663 2847 2754 yrembo
2882 2665 2957 2738 di
2992 2667 3261 2756 Maria,
3294 2665 3501 2758 idest,
3541 2686 3583 2739 a
3628 2666 3799 2758 Deo,

1465 2785 1590 2879 qui
1643 2805 1774 2880 per
1823 2784 2123 2858 Mariam
2176 2785 2345 2860 fecit
2384 2783 2743 2880 justitiam
2809 2789 2887 2859 et
2944 2785 3517 2860 misericordiam
3572 2786 3801 2879 nobiti,

1465 2906 1660 2980 unde
1710 2907 1866 2982 sine
1915 2905 2139 2979 Maria
2202 2925 2347 2980 non
2406 2911 2597 2980 esset
2656 2905 3219 3002 purgatorium3
3272 2925 3451 3002 ergo
3514 2906 3701 2981 bene
3758 2927 3799 2979 a

1461 3027 1686 3104 Maria
1737 3025 1936 3100 venit
1987 3025 2613 3130 nobis-auxilium,
2648 3027 2721 3100 in
2754 3026 2969 3100 cuius
3002 3026 3293 3101 laudem
3330 3027 3607 3101 dictum
3648 3033 3795 3102 est:

1467 3153 1676 3238 Quem
1711 3139 1786 3239 (¹)
1839 3155 2014 3220 totus
2089 3149 2389 3221 mundus
2461 3167 2713 3238 capere
2778 3167 2925 3220 non
2980 3153 3287 3238 poterat,
3352 3155 3467 3220 tuo
3529 3151 3797 3239 premio

1459 3269 1821 3344 contulisti.
1885 3268 1977 3341 Et
2045 3285 2221 3342 ecce
2278 3266 2373 3342 ad
2422 3265 2645 3360 quid:
2698 3287 2747 3339 a
2792 3269 3105 3357 ,quar-dia
3161 3268 3345 3341 della
3390 3271 3597 3358 valle,
3664 3288 3793 3362 pro

1457 3410 1608 3486 qua
1657 3388 2082 3485 intelligitur
2134 3387 2341 3463 vallis
2390 3386 2525 3463 ista
2578 3386 2913 3483 miseriae,
2948 3408 3083 3481 per
3124 3391 3194 3462 lo
3242 3397 3579 3483 serpente,
3614 3388 3797 3465 idest

1456 3508 1932 3587 tentationem
1983 3507 2273 3602 diaboli,
2326 3506 2453 3602 qui
2503 3507 2883 3584 insidiatur
2934 3508 3283 3585 fallaciter
3330 3510 3791 3586 tendentibus

1453 3631 1550 3707 ad
1598 3610 2149 3726 poenitentiam:
2202 3628 2497 3703 daemon
2544 3627 2739 3703 enim
2794 3627 2865 3701 in
2920 3628 3159 3723 specie
3220 3628 3577 3725 serpentis
3633 3636 3791 3705 ten·-

1454 3750 1635 3827 tavit
1687 3750 1960 3844 primos
2009 3754 2353 3844 parentes
2402 3754 2713 3823 nostroS.
2756 3748 2843 3822 Et
2892 3750 3011 3823 hic
3060 3757 3236 3824 nota
3284 3750 3481 3843 quod
3532 3750 3795 3825 animm

1453 3870 1762 3947 istorum
1817 3891 1986 3965 quae
2047 3869 2373 3945 nondum
2428 3870 2888 3945 intraverunt
2938 3870 3451 3965 purgatorium
3492 3878 3797 3966 possunt

1455 3990 1746 4083 tentari,
1799 3996 1880 4065 ut
1929 3989 2047 4065 hic
2096 3987 2411 4083 dicitur3
2460 3988 2589 4064 sed
2636 3988 2905 4063 animae
2954 3988 3423 4067 existentium
3480 3991 3553 4065 in
3613 4012 3791 4087 pur-

1453 4111 1764 4209 gatorio,
1817 4132 1988 4205 non,
2048 4116 2132 4184 ut
2189 4116 2390 4203 patet
2450 4109 2637 4185 infra
2692 4109 3013 4204 capitulo
3062 4111 3179 4185 XI.
3246 4112 3335 4185 Et
3398 4111 3619 4187 dicit:
3678 4114 3795 4185 elio

1457 4223 1672 4309 verr&
1718 4235 1836 4307 via
1885 4234 2029 4322 via,
2080 4231 2289 4323 idest,
2341 4250 2537 4305 nunc
2590 4250 2807 4326 nunc,
2862 4231 3033 4324 quia
3084 4231 3255 4307 facit
3306 4232 3651 4307 ultimum
3700 4232 3789 4307 de

1449 4352 1796 4449 potentia,
1851 4358 1930 4425 ut
1983 4357 2285 4425 revocet
2330 4349 2995 4446 appropinquantes
3042 4351 3134 4427 ad
3186 4358 3471 4447 portam
3520 4373 3791 4449 purga·-

1447 4474 1632 4551 tonii.
1665 4494 1712 4546 a
1761 4473 1956 4549 bono
2005 4472 2395 4568 proposito.
2447 4470 2539 4545 Et
2584 4470 2954 4545 concludit
2990 4470 3337 4547 effectum
3386 4474 3787 4548 verborum

1449 4594 1756 4671 Sor-delli
1804 4614 1900 4669 ex
1951 4600 2158 4689 parte
2209 4592 2349 4685 sui,
2388 4590 2668 4667 dicens:
2710 4594 2875 4665 ond’
2898 4595 2971 4665 io
3019 4594 3139 4665 elie
3188 4614 3335 4666 non
3364 4615 3629 4686 sapeco
3652 4614 3796 4686 per

1451 4718 1620 4807 qual
1663 4718 1863 4807 ealle,
1914 4714 2192 4809 supple,
2218 4720 2605 4789 ·venturus
2654 4718 2849 4787 aeset
2894 4733 3217 4808 serpen,
3258 4713 3435 4807 quia
3485 4713 3787 4789 tentatio

1453 4835 1654 4912 venit
1711 4836 2022 4930 occulta,
2085 4841 2162 4912 et
2234 4833 2596 4909 subintrat
2666 4832 3002 4927 latenter,
3062 4837 3165 4907 mi
3232 4838 3411 4909 vulsi
3478 4837 3785 4925 inmo,

1577 5088 1634 5151 (⁸)
1667 5092 1774 5147 uf.
1808 5088 2030 5141 istorum
2063 5089 2391 5154 *omm-
2634 5087 2691 5151 (¹)
2720 5088 2785 5139 B.
2822 5088 2985 5153 Qum
3010 5090 3123 5139 0⁰3
3148 5102 3329 5152 capno
3352 5100 3458 5137 non
3482 5092 3733 5151 potem.
