4392 6850
1425 1000 1704 1057 CAN-rus
1753 1001 2108 1069 omarus.
2810 989 2944 1059 131

595 1152 973 1240 aestatem3
1025 1152 1100 1220 et
1150 1145 1250 1218 ita
1301 1144 1830 1238 aequinoctialis
1888 1165 2184 1240 semper
2248 1152 2359 1220 est
2411 1144 2697 1220 medius
2759 1146 2950 1221 inter

597 1274 932 1342 aestatem
985 1271 1056 1340 et
1107 1266 1480 1362 hyemem,
1517 1266 1690 1359 quia
1725 1266 1866 1340 sub
1899 1265 2388 1360 aequinoctiali
2430 1273 2541 1342 est
2578 1267 2951 1344 maximus

601 1387 831 1479 calor,
879 1384 1218 1480 quamvis
1243 1377 1320 1478 (¹)
1371 1384 1742 1460 Avicenna
1793 1385 1987 1460 dicat
2040 1387 2241 1480 quod
2300 1386 2389 1461 sit
2450 1409 2619 1482 pars
2666 1394 2953 1484 tempe—

601 1512 765 1580 rata
817 1505 956 1579 sub
1007 1525 1121 1600 eo,
1176 1505 1294 1580 vel
1343 1505 1566 1578 habet
1618 1512 2032 1601 respectum
2087 1506 2180 1580 ad
2233 1514 2591 1602 extrema,
2638 1510 2729 1584 ad
2783 1531 2952 1604 quae

599 1629 712 1702 sol
763 1647 1146 1721 nunquam
1197 1625 1501 1720 accedit,
1557 1625 1681 1700 ubi
1733 1633 1846 1702 est
1895 1633 2337 1722 perpetuum
2389 1629 2640 1726 frigus.
2696 1631 2783 1704 Et
2832 1652 2953 1705 as-

603 1747 846 1844 signat
903 1767 1231 1840 causam,
1283 1745 1570 1821 dicens:
1636 1768 1770 1839 per
1831 1749 1906 1820 la
1965 1750 2229 1838 rayion
2279 1749 2399 1820 che
2446 1751 2569 1839 di',
2606 1754 2838 1842 quinci
2890 1753 2955 1824 si

601 1875 836 1962 parte,
876 1866 1083 1962 idest,
1121 1867 1294 1961 quia
1337 1885 1431 1941 ex
1476 1867 1614 1941 hac
1649 1872 1860 1962 parte
1901 1873 2334 1941 removetur
2382 1890 2427 1943 a
2480 1869 2710 1964 nobiS,
2750 1893 2951 1945 verso

605 1991 664 2062 il
705 1991 1130 2079 senemr-ion,
1173 1986 1378 2081 idest,
1430 1993 1687 2061 contra
1737 1987 2184 2080 aquilonem,
2230 1987 2351 2061 ubi
2404 1991 2816 2085 oppositum
2876 1991 2954 2065 fit

611 2108 843 2201 nobis,
887 2107 1080 2182 unde
1112 2106 1316 2182 dicit:
1353 2110 1636 2200 quando
1675 2110 1778 2197 912·
1807 2108 2018 2196 ebrei,
2056 2106 2260 2201 idest,
2287 2108 2539 2203 judaei,
2576 2109 2700 2204 qui
2744 2119 2956 2185 erant

609 2234 1152 2302 commorantes
1193 2227 1267 2301 in
1310 2228 1507 2323 Syon
1543 2227 1615 2301 in
1651 2227 2132 2321 Hierusalem,
2174 2229 2479 2301 vedevan
2519 2231 2640 2320 lui,
2685 2231 2958 2306 scilicet

607 2348 864 2443 solem,
916 2369 1120 2423 verso
1169 2351 1502 2422 lamma
1530 2355 1764 2440 parce,
1800 2348 2005 2442 idest,
2044 2348 2452 2423 meridiem.
2492 2349 2580 2422 Et
2617 2349 2791 2425 dicit
2824 2372 2960 2428 no-

608 2475 889 2547 tanter:
943 2471 1279 2560 vedevan,
1341 2468 1436 2543 de
1495 2467 1889 2563 praeterito,
1942 2469 2115 2561 quia
2179 2468 2272 2542 de
2336 2471 2676 2564 praesenti
2728 2472 2955 2567 judaei

610 2610 757 2665 non
806 2589 1134 2664 habitant
1183 2589 1258 2662 in
1310 2587 1788 2664 Hierusalem.
1847 2587 2048 2664 Unde
2100 2595 2275 2663 nota
2339 2589 2535 2684 quod
2591 2599 2803 2686 poeta
2857 2591 2957 2667 ita

613 2715 900 2806 poterat
947 2709 1195 2784 dicere
1245 2708 1338 2783 de
1389 2707 1640 2782 italicis
1690 2714 1765 2782 et
1811 2707 2088 2803 gallicis
2123 2715 2195 2782 et
2230 2708 2387 2782 aliis
2428 2709 2958 2788 habitatoribus
3102 2727 3109 2733 ·

616 2836 884 2904 nostrae
935 2837 1154 2904 terrae
1204 2829 1392 2903 sicut
1441 2827 1536 2903 de
1584 2827 1896 2902 hebraeis
1923 2819 2034 2922 (²);
2087 2828 2263 2922 quia
2314 2829 2589 2904 fecerat
2648 2832 2960 2906 mentio-

618 2971 786 3027 nem
839 2951 934 3026 de
981 2951 1179 3047 Syon
1229 2955 1502 3042 monte,
1547 2948 1712 3023 ideo
1753 2948 1987 3044 magis
2038 2949 2333 3044 proprie
2382 2949 2562 3023 dixit
2609 2950 2703 3024 de
2752 2952 2961 3025 habi-

617 3070 979 3146 tatoribus
1027 3069 1208 3144 eius

763 3197 891 3264 Ma
937 3211 1013 3264 se
1061 3193 1112 3263 ti
1153 3193 1372 3282 piace.
1408 3189 1548 3262 lsta
1591 3195 1702 3262 est
1740 3188 1957 3264 tertia
1993 3209 2161 3283 pars
2209 3189 2508 3264 moralis
2558 3197 2630 3265 et
2680 3191 2960 3286 pulcra,

616 3311 692 3386 in
741 3333 890 3406 qua
939 3317 1160 3385 autor
1209 3309 1552 3385 describit
1577 3299 1652 3402 (³)
1709 3315 2055 3383 naturam
2092 3317 2167 3384 et
2212 3310 2732 3406 proprietatem
2786 3312 2960 3387 isto-

619 3454 786 3507 rum
841 3432 1226 3529 pigrorum
1279 3438 1354 3507 et
1417 3452 1652 3506 unum
1719 3431 2013 3505 illorum
2068 3431 2142 3505 in
2208 3431 2520 3527 speciali.
2574 3434 2663 3506 Et
2723 3434 2962 3529 primo

617 3560 1016 3648 antequam
1067 3552 1446 3649 perveniat
1496 3552 1590 3627 ad
1642 3552 1852 3627 istam
1890 3556 2187 3649 gentem
2226 3552 2569 3627 describit
2618 3563 2962 3631 naturam

619 3681 695 3751 et
745 3674 1260 3770 proprietatem
1319 3673 1606 3766 montiS,
1657 3671 1927 3766 dicenS,
1982 3672 2178 3765 quod
2232 3671 2386 3766 ipse
2437 3680 2858 3769 resumptus
2916 3696 2963 3750 a

620 3796 873 3872 labore
921 3793 1248 3891 corporis
1302 3814 1430 3889 per
1482 3780 1834 3887 quietem,
1873 3792 2140 3867 auditis
2192 3792 2344 3869 istis
2395 3793 2961 3892 delectabilibuS,

617 3918 796 3994 dixit
823 3906 897 4011 (⁴)
970 3915 1314 4013 Virgilio:
1379 3936 1500 3988 ma
1562 3936 1639 3988 se
1693 3917 1746 3989 a·
1798 3918 2026 4008 piace,
2077 3913 2252 4008 quia
2322 3912 2574 3988 videor
2646 3917 2961 3990 multum

620 4040 960 4136 fatigasse
1008 4044 1107 4132 te,
1149 4040 1482 4123 volcmer
1529 4038 1771 4129 saprei
1817 4042 2078 4129 quanto
2129 4056 2375 4108 avemo
2428 4038 2529 4108 ad
2575 4039 2839 4128 undar,
2874 4036 2966 4110 ti-

625 4159 874 4235 mebat
921 4158 1253 4233 laborem
1309 4158 1546 4253 longae
1581 4156 1758 4249 viae3
1794 4156 1990 4231 unde
2021 4155 2232 4231 dicit:
2267 4152 2391 4230 che*
2420 4158 2471 4229 ’l
2490 4158 2757 4248 poqyio
2790 4160 2965 4249 sale,

625 4280 829 4375 idest,
881 4298 1094 4354 mons
1147 4277 1374 4353 tendit
1424 4278 1496 4351 in
1548 4278 1805 4371 altum,
1837 4272 1964 4369 pie)
1995 4279 2116 4349 che
2152 4280 2335 4350 satir
2382 4298 2529 4350 non
2569 4299 2831 4369 possen
2869 4281 2970 4369 912·

624 4402 814 4475 occini
863 4402 1022 4473 miei
1035 4425 1068 4492 ;
1132 4398 1306 4493 quia
1359 4396 1559 4472 visus
1624 4418 1768 4472 non
1835 4402 2122 4492 poterat
2188 4396 2549 4494 attingere
2607 4418 2966 4474 cacumen

630 4520 917 4614 montiS,
979 4518 1176 4613 quod
1247 4524 1406 4593 erat
1465 4516 1895 4613 contiguum
1951 4517 2174 4610 coelo;
2230 4523 2303 4590 et
2372 4516 2530 4590 talis
2598 4524 2709 4593 est
2768 4527 2971 4595 recte

631 4642 858 4717 virtus
909 4661 1077 4735 quae
1129 4636 1357 4714 tendit
1407 4639 1500 4713 ad
1550 4639 1846 4713 coelum.
1897 4638 1987 4711 Et
2033 4636 2275 4711 subdit
2312 4638 2858 4733 responsionem
2892 4632 2966 4732 (⁵)

749 4910 804 4974 (¹)
839 4912 948 4970 117,
981 4910 1218 4975 quamvls
1250 4910 1434 4975 aliquis
1463 4910 1619 4960 dicat.

751 4986 806 5049 (Ἴ
839 4986 902 5035 13.
933 4986 998 5035 de
1029 4986 1262 5047 hebrai-⁸,
1295 4987 1384 5038 sod
1417 4985 1588 5050 potins
1617 4983 1744 5035 fecit
1773 4982 2090 5034 amotionem
2119 4982 2186 5034 do
2218 4982 2442 5034 hebreis
2462 4982 2581 5047 quia
2604 4982 2801 5033 fecerat
2821 4994 2975 5033 men-

631 5064 826 5115 tionem
859 5064 924 5113 de
955 5064 1110 5127 syon,
1145 5064 1279 5115 ideo.

755 5137 810 5203 Ρ)
839 5140 892 5192 S.
925 5140 1108 5204 ungit.
1357 5140 1411 5205 (⁸)
1447 5145 1555 5202 117,
1589 5140 1714 5191 (licit
1746 5136 1986 5203 Virgilio.
2248 5137 2303 5201 (⁸)
2334 5136 2397 5189 E.
2430 5137 2705 5188 rationem.
