4392 6850
1452 880 1595 951 498
2166 887 2576 945 commu
2623 887 3068 945 runGA‘ronu

1450 1035 1511 1111 si
1552 1036 1679 1111 fiat
1712 1035 1785 1109 in
1826 1054 2103 1111 aurora
2138 1032 2438 1128 quando
2467 1033 2714 1107 Venus
2748 1032 2867 1107 vel
2900 1030 3308 1106 Mercurius
3339 1038 3512 1105 sunt
3544 1032 3793 1108 orien-

1450 1155 1633 1231 tales
1670 1155 1855 1231 solet
1888 1154 2135 1229 dicere
2166 1174 2458 1248 verum,
2486 1151 2622 1227 nisi
2655 1152 2844 1227 Mars
2877 1150 3116 1225 obstet
3151 1152 3268 1226 vel
3303 1151 3550 1247 aliqua
3585 1154 3793 1231 stella

1450 1274 1547 1352 de
1592 1280 1861 1351 natura
1910 1274 2175 1351 Martis,
2230 1272 2372 1348 Sed
2423 1272 2771 1371 quicquid
2821 1271 3064 1347 dicant
3115 1270 3288 1347 nihil
3339 1273 3564 1351 credo
3613 1294 3796 1371 geo-

1452 1396 1823 1471 mantibus
1872 1417 2045 1470 cum
2100 1394 2275 1469 nihil
2310 1393 2605 1470 credam
2643 1392 3048 1489 astrologis·
3087 1393 3176 1467 Et
3207 1392 3266 1467 si
3303 1394 3410 1469 vis
3444 1394 3634 1471 bene
3667 1416 3795 1473 or-

1451 1514 1708 1591 dinare
1758 1516 2043 1593 literam
2095 1515 2331 1611 incipe
2364 1536 2409 1589 a
2453 1514 2800 1611 rhythmo
2841 1512 3202 1608 sequenti,
3235 1512 3498 1591 deinde
3538 1536 3793 1598 rever-

1454 1642 1615 1713 tere
1663 1657 1887 1733 supra
1936 1636 2028 1711 ad
2079 1636 2428 1733 primum.
2453 1674 2554 1693 -
2579 1637 2680 1709 Mi
2713 1655 2948 1709 venne.
2986 1634 3116 1709 Hic
3165 1640 3384 1731 poeta
3431 1634 3794 1734 descripta

1454 1756 1659 1853 bora,
1698 1779 1895 1833 nunc
1932 1756 2274 1833 describit
2323 1756 2693 1833 somnium
2745 1755 2942 1851 quod
2975 1756 3144 1831 fecit
3182 1756 3258 1831 in
3297 1758 3424 1833 tali
3465 1760 3667 1835 bora.
3705 1762 3794 1837 Et

1454 1876 1547 1952 ad
1598 1878 2167 1953 declarationem
2219 1878 2450 1953 literae
2481 1876 2652 1951 volo
2684 1882 2758 1951 te
2798 1876 3010 1971 scire,
3051 1876 3250 1971 quod
3287 1884 3504 1973 poeta
3543 1887 3799 1959 noster

1454 2019 1587 2095 per
1638 1998 1829 2073 istud
1864 1998 2197 2073 mirabile
2232 1996 2599 2072 somnium
2635 1996 3062 2095 praefigurat
3097 1998 3482 2074 materiam
3517 2000 3612 2076 de
3645 2024 3794 2097 qua

1456 2126 1908 2196 tractaturus
1956 2125 2100 2213 est3
2152 2119 2327 2213 quia
2377 2118 2574 2193 enim
2617 2118 2778 2213 jam
2830 2123 3274 2194 tractaverat
3322 2119 3416 2195 de
3472 2128 3806 2216 quatuor

1458 2240 1645 2314 vitiis
1696 2240 2147 2336 capitalibuS,
2181 2258 2350 2333 quae
2390 2243 2562 2313 sunt
2611 2237 3011 2333 spiritualia
3057 2240 3463 2315 secundum
3515 2241 3800 2339 Grego-

1458 2359 1677 2455 rium,
1734 2380 1929 2435 nunc
1991 2367 2310 2434 tractare
2371 2346 2749 2435 intendens
2815 2358 2909 2433 de
2974 2358 3274 2453 reliquis
3325 2360 3578 2454 tribus,
3631 2384 3800 2458 (με

1457 2485 1629 2555 sunt
1680 2478 2084 2577 corporalia
2126 2485 2202 2555 et
2245 2484 2639 2555 versantur
2679 2478 2873 2554 circa
2905 2478 3380 2575 delectabilia,
3415 2479 3620 2579 fingit
3663 2482 3806 2559 sibi

1458 2620 1819 2697 apparere
1872 2620 2095 2674 unam
2152 2599 2528 2675 soeminam
2583 2598 3012 2675 mirabiliter
3071 2599 3582 2697 deformatam,
3631 2623 3802 2697 (μω

1458 2720 1679 2819 paulo
1730 2724 1892 2815 post
1934 2738 2066 2815 per
2105 2718 2626 2815 inspectionem
2663 2718 2825 2793 eius
2864 2718 3292 2795 mirabiliter
3327 2720 3800 2817 reformatur,

1460 2845 1537 2915 et
1586 2839 1844 2936 pulcra
1887 2844 1961 2914 et
1994 2838 2270 2935 placida
2307 2838 2618 2913 videtur.
2661 2838 2846 2915 Nota
2881 2859 3062 2935 ergo
3098 2839 3534 2934 profundam
3569 2840 3800 2917 fictio-

1464 2980 1633 3037 nem
1662 2952 1737 3053 (¹)
1790 2967 2057 3056 poetae:
2111 2980 2280 3035 nam
2336 2980 2468 3056 per
2507 2960 2720 3034 istam
2757 2959 3146 3035 mulierem
3183 2960 3285 3035 sic
3319 2962 3806 3039 transforma·
3859 3027 3870 3033 .

1462 3086 1616 3157 tam.
1667 3078 1739 3153 in
1791 3078 2236 3154 contrariam
2274 3079 2589 3175 figuram
2627 3086 2841 3175 poeta
2875 3078 3284 3175 figuraliter
3325 3088 3800 3175 repraesentat

1463 3200 1669 3275 nobis
1705 3199 2121 3275 illecebram
2160 3205 2236 3274 et
2275 3200 2724 3294 voluptatem
2765 3198 3242 3293 mundanam,
3269 3220 3438 3294 quae
3477 3208 3676 3277 recte
3707 3202 3802 3278 ad

1462 3320 1767 3398 modum
1820 3319 2147 3395 mulieris
2201 3328 2310 3396 est
2371 3318 2448 3393 in
2505 3339 2586 3393 se
2644 3318 2900 3413 turpis,
2951 3318 3338 3415 horribiliS,
3389 3327 3464 3395 et
3526 3321 3809 3403 odibilis

1466 3447 1825 3538 quantum
1876 3440 1971 3514 ad
2022 3440 2486 3515 existentiam
2539 3447 2612 3515 et
2665 3439 2772 3516 rei
2823 3441 3252 3536 veritatem3
3303 3443 3430 3518 sed
3481 3451 3593 3519 est
3641 3445 3818 3540 pul-

1464 3583 1616 3656 cra,
1670 3559 2015 3656 placibilis
2074 3567 2150 3636 et
2210 3559 2540 3634 amabilis
2600 3567 2960 3655 quantum
3024 3561 3120 3636 ad
3183 3563 3685 3657 apparentiam
3735 3573 3813 3642 et

1470 3682 1812 3756 umbram
1868 3679 2339 3756 exteriorem.
2394 3681 2596 3756 Hanc
2647 3701 2827 3778 ergo
2879 3681 3272 3756 mulierem
3316 3683 3814 3780 prodigiosam

1466 3809 1683 3897 poeta
1716 3799 2057 3876 describit
2088 3821 2134 3874 a
2169 3799 2500 3895 quinque
2524 3799 2820 3898 organis
2851 3799 3317 3878 defectuosis:
3346 3803 3608 3899 primo,
3635 3805 3814 3899 quia

1468 3928 1631 3996 erat
1664 3919 2074 3996 balbutiens
2102 3919 2394 4017 lingua3
2422 3920 2771 4015 secundo,
2800 3920 3002 3996 lusca
3035 3921 3238 4017 visu3
3273 3923 3516 4018 tertio,
3549 3923 3812 4002 clauda

1467 4041 1691 4136 pede3
1744 4047 2036 4134 quarm,
2088 4046 2350 4114 trunca
2385 4061 2651 4135 manu3
2685 4040 2965 4136 quinto,
3002 4042 3246 4120 fucata
3293 4044 3562 4120 colore.
3599 4045 3810 4120 Nunc

1468 4181 1651 4257 ergo
1701 4161 1813 4235 his
1862 4160 2252 4256 praemissis
2301 4160 2744 4238 veniendum
2797 4167 2908 4238 est
2955 4162 3050 4238 ad
3100 4164 3386 4244 litetam
3433 4186 3810 4262 exponen·-

1468 4281 1662 4376 dam,
1718 4301 1887 4376 quae
1936 4282 2132 4358 male
2182 4281 2509 4377 exposita
2559 4287 2670 4358 est
2731 4302 2778 4359 a
2847 4283 3114 4376 multis,
3174 4285 3308 4378 qui-
3365 4291 3814 4381 putaverunt

1472 4400 1683 4476 istam
1738 4401 2128 4478 mulierem
2165 4401 2493 4499 figurare
2523 4400 2767 4476 solum
2794 4392 2870 4494 (²)
2905 4403 3328 4500 avaritiam,
3352 4405 3447 4482 de
3481 4427 3632 4500 qua
3665 4413 3816 4484 tra·-

1470 4527 1718 4596 ctatur
1769 4521 1841 4596 in
1892 4523 2234 4618 proesenti
2283 4520 2624 4618 capitulo,
2660 4521 2858 4616 quod
2910 4528 3161 4600 tamen
3209 4532 3318 4602 est
3351 4526 3642 4621 penitus
3686 4527 3820 4604 fil.-

1472 4660 1664 4736 sum,
1716 4641 1868 4717 imo
1920 4641 2191 4739 figurat
2234 4641 2646 4737 avaritiam,
2686 4642 2938 4739 gulam
2981 4648 3058 4718 et
3112 4643 3509 4742 luxuriam,
3547 4654 3633 4721 ut
3669 4653 3816 4724 sta-

1472 4760 1605 4835 tim
1659 4761 1958 4837 clarebit
2008 4783 2101 4838 ex
2154 4763 2310 4858 ipsa
2361 4761 2832 4858 expositione.
2887 4763 3069 4839 Dicit
3119 4787 3300 4863 ergo
3351 4774 3614 4862 poeta:
3661 4773 3814 4844 Una

1601 5020 1653 5083 (¹)
1686 5019 1749 5072 Ε.
1780 5020 2041 5074 fictionem
2072 5021 2208 5074 banc
2237 5027 2421 5086 poeto.
2823 5023 2878 5084 (¹)
2909 5022 2972 5074 Β.
3003 5023 3166 5078 solnm
3194 5024 3482 5080 avan-iun.
