4392 6850
1389 950 1667 1006 cAN'rus
1717 952 2080 1007 sEr‘rmus.
2774 940 2917 1008 207

576 1094 948 1189 quomodo
983 1093 1357 1170 Sordellus
1389 1095 1804 1172 invitaverit
1842 1096 2225 1194 Virgilium
2266 1096 2361 1172 ad
2400 1095 2924 1172 consideratio-

576 1236 745 1290 nem
800 1214 1136 1310 istorum,
1187 1214 1472 1292 dicens:
1525 1219 1593 1290 el
1637 1221 2005 1309 Mantoan,
2045 1215 2338 1312 scilicet,
2374 1216 2769 1312 Sordellus,
2804 1219 2925 1290 che

579 1339 642 1410 ci
687 1357 866 1408 avea
917 1338 1106 1426 volti,
1158 1336 1332 1431 quia
1383 1343 1712 1412 traxerat
1761 1357 1890 1412 eos
1938 1337 2030 1412 de
2080 1338 2200 1412 via
2250 1345 2451 1412 recta
2502 1357 2636 1434 per
2687 1359 2925 1414 unum

581 1456 954 1532 tramitem
1013 1455 1422 1552 obliquum,
1474 1464 1556 1531 ut
1597 1459 1754 1554 jam
1807 1457 2080 1540 dictum
2147 1463 2280 1550 est,
2330 1451 2693 1550 comincid,
2744 1479 2927 1556 sup—

584 1576 720 1672 ple,
755 1576 1002 1652 dicere
1039 1576 1334 1673 Virgilio
1369 1583 1818 1652 mantuano:
1871 1599 2015 1652 non
2047 1581 2345 1670 voyliate
2376 1581 2480 1651 ch'
2497 1582 2568 1651 io
2604 1582 2674 1651 vi
2700 1581 2928 1671 quidi,

583 1697 852 1772 scilicet
914 1717 1132 1792 nunc,
1183 1697 1306 1774 sed
1371 1705 1626 1794 postea
1684 1698 1952 1773 ducam
2020 1720 2172 1792 VOS,
2236 1706 2352 1772 tra
2414 1707 2717 1790 coscoro,
2768 1707 2923 1774 tam

587 1817 848 1892 devote
899 1822 1300 1912 cantantes,
1338 1821 1584 1912 prima
1632 1821 1752 1892 che
1784 1821 1837 1892 'l
1871 1839 2054 1912 poco
2102 1821 2247 1892 sole
2311 1823 2504 1894 omai
2564 1821 2882 1894 s’annidi
2902 1845 2925 1892 .·

585 1944 742 2014 erat
793 1958 974 2034 ergo
1035 1939 1142 2014 sol
1194 1939 1404 2034 quasi
1453 1939 1528 2013 in
1579 1960 1868 2015 occasu.
1925 1941 2010 2014 Et
2060 1939 2163 2013 sic
2212 1946 2387 2014 nota
2444 1940 2642 2033 quod
2692 1937 2927 2014 subti-

585 2059 749 2134 liter
799 2065 1014 2155 poeta
1062 2059 1268 2156 fingit
1317 2081 1397 2135 se
1448 2060 1698 2136 videre
1747 2060 1920 2135 istos
1971 2060 2095 2135 tali
2147 2061 2353 2154 hora,
2396 2061 2570 2155 quia
2613 2081 2761 2135 non
2812 2081 2931 2135 es-

585 2187 748 2254 sent
797 2179 913 2254 hic
959 2179 1234 2275 salvati,
1288 2180 1422 2256 nisi
1475 2181 1673 2275 quod
1725 2180 1798 2255 in
1855 2201 2122 2256 occasu
2181 2180 2351 2254 vitae
2402 2187 2934 2256 converterunt

584 2321 668 2376 se
716 2301 809 2375 ad
859 2302 1086 2376 solem
1130 2301 1479 2397 justitiae3
1531 2308 1606 2377 et
1655 2301 1974 2398 assignat
2025 2302 2297 2396 locum,
2340 2323 2577 2395 quare
2626 2303 2719 2377 de
2770 2304 2935 2378 loco

588 2419 710 2495 illo
759 2421 901 2494 sint
951 2421 1348 2516 spectandi,
1401 2421 1697 2498 dicens:
1737 2427 1854 2498 voi
1896 2429 2328 2498 conoscerele
2380 2425 2629 2516 meylio
2667 2427 2771 2516 ,qli
2810 2425 2937 2498 atti

583 2543 640 2612 e'
675 2544 847 2615 volti
893 2543 970 2616 di
1018 2545 1172 2616 tutti
1211 2545 1476 2634 quanti,
1538 2542 1740 2637 idest,
1801 2543 2134 2619 omnium
2188 2549 2263 2618 et
2312 2543 2803 2640 singulorum,
2862 2546 2940 2618 di

587 2669 824 2754 questo
883 2663 1120 2755 balzo,
1170 2661 1376 2756 idest,
1441 2663 1702 2737 stando
1765 2663 1880 2738 hic
1939 2663 2014 2736 in
2081 2662 2219 2736 isto
2286 2663 2520 2759 gradu
2590 2663 2763 2758 alto,
2817 2665 2937 2736 che

589 2785 834 2856 accola·
883 2791 1000 2856 tra
1049 2787 1183 2858 esst·
1227 2778 1348 2874 9512
1379 2785 1566 2856 nella
1598 2786 1818 2874 lama,
1852 2782 2055 2877 idest,
2092 2803 2317 2878 quam
2362 2783 2421 2858 si
2464 2781 2713 2857 essetis
2754 2802 2935 2887 conf

589 2902 873 3000 gregati
927 2923 1100 2978 cum
1153 2903 1260 2979 eis
1315 2903 1507 2978 intra
1569 2903 1764 2978 illam
1828 2902 2193 2998 planitiem
2249 2909 2623 2996 cavatam,
2660 2903 2755 2976 ad
2802 2902 2937 2977 de-

589 3015 1022 3118 notandum,
1065 3023 1262 3118 quod
1312 3023 1508 3098 fama
1558 3022 1864 3100 istorum
1919 3021 2286 3097 interdum
2345 3022 2577 3119 magis
2626 3028 2838 3099 sonat
2886 3042 2937 3096 a

589 3144 832 3239 longe,
875 3164 1101 3237 quam
1153 3164 1199 3218 a
1248 3164 1496 3239 prope,
1523 3144 1740 3238 juxta
1776 3143 1954 3217 illud
1986 3143 2408 3218 Claudiani:
2456 3146 2698 3218 minuit
2732 3165 2935 3237 prae-

585 3266 810 3338 sentia
861 3268 1156 3359 samam.
1196 3303 1297 3318 —
1342 3267 1554 3339 Colui.
1633 3264 1764 3338 Hic
1827 3263 2198 3338 Sordellus
2266 3263 2593 3338 nominat
2658 3263 2939 3359 aliquot

587 3383 885 3480 spiritus
947 3383 1350 3480 electiores,
1415 3390 1490 3459 et
1554 3383 1790 3480 primo
1851 3383 2437 3479 principaliorem
2511 3383 2939 3480 principem,
3046 3464 3059 3475 ,

593 3506 865 3583 scilicet
923 3528 1159 3581 unum
1220 3505 1764 3603 imperatorem.
1828 3504 1936 3579 Ad
2003 3504 2215 3579 cuius
2274 3505 2763 3602 cognitionem
2834 3512 2947 3579 est

591 3626 835 3723 primo
885 3626 1288 3721 sciendum,
1325 3625 1523 3720 quod
1573 3625 2002 3720 Rodulphus
2041 3644 2319 3722 genere
2354 3645 2778 3721 germanuS,
2815 3645 2945 3720 pa-

593 3756 810 3825 truus
859 3769 1112 3823 comes
1158 3747 1458 3841 Alberti,
1510 3767 1648 3823 sua
1698 3746 2058 3842 probitate
2125 3746 2361 3821 factus
2424 3752 2535 3821 est
2600 3746 2751 3819 dux
2814 3766 2947 3840 po-

596 3868 1068 3945 tentissimus
1105 3866 1292 3943 Nam
1327 3865 1710 3962 acquisivit
1743 3866 2114 3961 Sueviam‚
2141 3884 2311 3960 quae
2354 3865 2666 3941 vacabat
2706 3872 2948 3941 morte

595 3988 804 4065 ducis
854 3988 1166 4064 Austriae
1219 3988 1346 4083 qui
1396 3987 1638 4063 fuerat
1687 3986 2138 4082 decapitatus
2185 3986 2408 4061 simul
2450 4007 2620 4060 cum
2666 3987 2949 4061 Conra-

597 4109 807 4205 din03
858 4109 1074 4185 cuius
1121 4108 1290 4185 fecit
1337 4108 1603 4185 ducem
1655 4107 2037 4182 Albertum
2105 4106 2335 4181 filium
2386 4128 2635 4181 suum.
2687 4108 2779 4181 Et
2826 4127 2949 4183 re-

598 4230 850 4326 gnavit
898 4229 1328 4325 Rodulphus
1373 4226 1584 4303 annis
1625 4226 1898 4323 viginti.
1933 4227 2024 4301 Et
2057 4227 2335 4301 electus
2374 4226 2776 4322 imperator
2810 4228 2949 4301 ha-

600 4349 760 4424 buit
806 4370 1040 4446 grave
1072 4350 1348 4426 bellum
1386 4368 1564 4423 cum
1600 4368 1776 4445 rege
1811 4345 2182 4422 Bobemiae
2214 4346 2715 4441 potentissimo
2750 4366 2948 4421 anno

601 4469 888 4544 Domini
939 4468 1465 4563 MCCLXXV113
1517 4466 1646 4562 qui
1696 4466 2018 4563 potentia
2081 4475 2157 4544 et
2214 4466 2587 4561 opulentia
2649 4487 2785 4543 sua
2834 4466 2951 4541 in-

601 4588 1038 4687 dignabatur
1096 4608 1362 4685 parere
1429 4587 1584 4663 sibi.
1645 4588 1953 4683 Propter
2020 4586 2219 4682 quod
2279 4586 2705 4683 Rodulphus
2770 4608 2944 4662 cum

605 4730 878 4805 magno
927 4717 1002 4785 et
1050 4710 1219 4785 forti
1269 4710 1601 4787 exercitu
1653 4708 1782 4784 ivit
1821 4716 2078 4785 contra
2113 4729 2314 4785 eum.
2352 4708 2485 4785 Cui
2522 4730 2655 4784 rex
2688 4716 2955 4805 poten-

609 4836 721 4905 ter
773 4830 1120 4926 occurrit,
1167 4838 1244 4907 et
1293 4830 1686 4906 commisso
1735 4829 2103 4906 acerrimo
2152 4829 2413 4925 proelio
2443 4821 2515 4923 (¹)
2557 4829 2748 4905 inter
2802 4838 2953 4905 tam

735 5074 794 5139 (¹)
827 5080 936 5137 11⁷,
969 5078 1110 5130 hollo
1137 5081 1290 5133 inter.
