4392 6850
1401 990 1678 1047 cmm-us
1729 992 2063 1047 memus,
2762 979 2897 1048 291

563 1137 840 1212 dicere:
895 1138 1272 1212 considera
1323 1138 1519 1232 quod
1571 1138 1626 1212 si
1682 1138 2088 1212 humiliatio
2123 1138 2417 1212 videtur
2457 1138 2584 1211 tibi
2634 1138 2903 1235 gravis,

561 1265 764 1333 certe
815 1280 960 1333 non
1025 1266 1262 1354 potest
1325 1279 1487 1333 esse
1553 1260 1789 1355 longa,
1856 1259 2026 1353 quia
2091 1279 2239 1333 non
2304 1260 2493 1333 ultra
2562 1268 2902 1335 mortem.

565 1378 757 1475 Ergo
787 1372 860 1471 (¹)
911 1400 1073 1475 age,
1125 1400 1341 1454 sume
1390 1400 1576 1453 onus
1631 1386 1841 1453 tuum
1912 1380 1983 1452 in
2051 1379 2185 1454 ista
2250 1380 2677 1454 brevissima
2732 1380 2901 1474 vita,

567 1505 638 1571 et
678 1498 1054 1573 considera
1109 1500 1306 1592 quod
1357 1500 1415 1573 si
1469 1520 1615 1573 non
1650 1499 2056 1573 humilieris
2091 1507 2370 1594 sponte,
2409 1500 2907 1575 humiliaberis

567 1626 839 1693 coacte.
867 1660 966 1673 -
994 1624 1091 1691 Ιο.
1145 1620 1274 1694 Hic
1325 1626 1536 1727 poeta
1590 1618 1931 1693 describit
1991 1620 2221 1713 ipsam
2282 1640 2576 1715 poenam
2645 1642 2907 1717 super-

567 1740 857 1813 borum.
911 1739 1016 1813 Ad
1069 1741 1278 1815 cuius
1329 1740 1875 1836 intelligentiam
1932 1750 2103 1813 nota
2145 1741 2357 1835 bene,
2394 1761 2617 1834 quam
2652 1743 2907 1837 justis-

568 1860 829 1933 simam
885 1868 959 1933 et
1009 1860 1506 1957 dignissimam
1562 1881 1852 1954 poenam
1905 1866 2122 1954 poeta
2172 1858 2299 1933 dat
2349 1860 2499 1933 istis
2552 1864 2904 1955 superbis.

568 1980 800 2077 Fingit
851 1981 1072 2075 enim,
1124 1980 1321 2075 quod
1373 1980 1634 2077 singuli
1689 1988 1977 2076 portant
2038 1980 2111 2053 in
2171 2002 2305 2053 sua
2372 1983 2686 2075 superba
2744 2003 2909 2057 cer-

571 2101 728 2175 vice
776 2122 1039 2175 saxum
1096 2102 1586 2197 ponderosum
1641 2101 1836 2194 quod
1890 2102 2229 2175 incurvat
2284 2121 2411 2175 eos
2462 2102 2552 2175 ad
2610 2110 2907 2199 terram,

569 2228 641 2297 et
694 2222 1035 2297 incedunt
1089 2223 1186 2296 ita
1237 2221 1519 2319 gravati
1573 2222 1921 2317 paulatim
1977 2244 2110 2317 per
2161 2222 2378 2297 viam.
2424 2222 2565 2296 Per
2599 2224 2739 2297 hoc
2773 2244 2911 2297 au-

572 2349 716 2415 tem
771 2342 1063 2437 figurat,
1115 2330 1320 2435 quod'
1365 2342 1488 2435 qui
1545 2343 1701 2416 vult
1753 2363 2076 2438 purgare
2127 2343 2321 2417 istud
2371 2364 2601 2443 grave
2654 2344 2911 2418 vitium

569 2462 955 2559 superbiae,
989 2462 1205 2536 debet
1240 2462 1674 2538 submittere
1709 2471 1931 2558 caput
1967 2484 2185 2537 suum
2225 2462 2318 2537 ad
2374 2472 2671 2558 terram,
2715 2464 2913 2558 quod

479 2608 490 2616 ·
571 2584 774 2679 prius
815 2582 1153 2677 portabat
1194 2588 1524 2657 erectum
1563 2589 1818 2657 contra
1857 2583 2167 2677 coelum3
2206 2590 2281 2657 et
2314 2583 2660 2678 breviter,
2697 2584 2915 2661 debet

573 2711 859 2779 tantum
913 2702 1242 2777 inclinari
1296 2709 1371 2776 et
1421 2702 1815 2796 humiliari,
1867 2710 2228 2797 quantum
2266 2704 2496 2777 voluit
2546 2704 2790 2778 extolli
2842 2711 2914 2779 et

573 2824 901 2899 exaltari.
955 2823 1150 2897 Istud
1187 2831 1436 2897 autem
1477 2823 1766 2897 videtur
1800 2823 2317 2919 gravissimum
2355 2826 2698 2921 superbo,
2742 2824 2911 2919 quia

573 2945 886 3039 imputat
937 2944 1068 3017 sibi
1123 2945 1259 3017 hoc
1309 2943 1399 3017 ad
1471 2964 1816 3039 magnam
1891 2944 2267 3038 vilitatem,
2329 2946 2454 3039 qui
2487 2936 2560 3037 (²)
2625 2946 2913 3021 volebat

573 3065 802 3139 videri
857 3065 1391 3161 magnanimus.
1429 3066 1579 3139 Hoc
1618 3070 1869 3138 autem
1909 3064 2075 3138 fecit
2109 3065 2385 3159 optime
2423 3065 2739 3162 optimus
2776 3066 2913 3139 im—

572 3192 874 3282 perator
929 3184 1408 3279 Theodosius3
1475 3205 1646 3258 cum
1711 3184 1906 3259 enim
1977 3185 2297 3280 superbe
2359 3186 2916 3261 exterminasset

571 3304 942 3379 civitatem
987 3312 1061 3379 et
1095 3304 1411 3379 venisset
1461 3304 1970 3395 Mediolanum,
2021 3306 2283 3379 heatus
2334 3306 2763 3380 Ambrosius
2817 3308 2915 3380 ri-

571 3425 942 3520 gidissime
988 3433 1063 3500 et
1116 3425 1662 3499 mordacissime
1721 3425 2080 3520 increpuit
2139 3446 2315 3500 eum
2374 3426 2738 3501 volentem
2804 3427 2917 3500 in-

577 3553 778 3622 trare
848 3547 1227 3640 templum.
1297 3545 1424 3620 llle
1488 3551 1734 3620 autem
1813 3545 2068 3619 dolore
2145 3551 2219 3619 et
2286 3546 2568 3640 pudore
2648 3568 2918 3644 magno

574 3687 990 3761 percussuS,
1060 3673 1220 3761 post
1273 3687 1618 3762 magnam
1674 3666 2052 3759 querelam
2107 3673 2180 3740 et
2237 3667 2505 3740 multas
2558 3668 2919 3764 lacrymas

576 3785 968 3860 humilians
1018 3807 1098 3861 se
1161 3793 1414 3881 sponte
1477 3786 1728 3880 petivit
1797 3785 2086 3860 veniam
2118 3775 2194 3879 (³)
2256 3795 2331 3861 et
2391 3787 2918 3884 poenitentiam,

574 3915 650 3981 et
713 3906 816 3980 sic
885 3907 1392 3981 reconciliatus
1451 3913 1595 4000 est3
1647 3905 1834 3979 sicut
1898 3913 1972 3980 et
2037 3907 2129 3982 de
2192 3908 2440 3980 multis
2502 3909 2919 3984 audivimus

575 4027 934 4122 superbiS,
989 4027 1114 4120 qui
1164 4032 1527 4102 venerunt
1577 4047 1750 4101 cum
1805 4027 2120 4122 corrigia
2155 4027 2247 4101 ad
2285 4028 2579 4102 collum.
2617 4031 2722 4104 Ad
2760 4032 2919 4106 lite-

581 4168 738 4221 ram
795 4169 1017 4244 ergo:
1071 4147 1240 4222 dicit
1289 4153 1536 4242 poeta:
1593 4151 1675 4219 Io
1729 4150 2120 4238 cominciai,
2163 4149 2439 4243 supple,
2476 4149 2721 4224 dicere
2756 4151 2918 4224 Vir-
3040 4235 3049 4244 .

575 4267 782 4364 gilio:
821 4273 1158 4357 MaestrO,
1195 4270 1352 4358 quel
1379 4269 1481 4338 ch’
1507 4271 1578 4339 io
1630 4271 1876 4357 veyyio
1923 4288 2213 4340 mnover
2246 4289 2294 4340 a
2326 4272 2469 4361 noi,
2508 4269 2711 4364 idest,
2749 4291 2920 4345 ver-

575 4407 701 4460 sus
755 4408 910 4479 nos,
964 4407 1108 4459 non
1158 4390 1254 4458 mi
1318 4386 1627 4458 sembian
1689 4407 2015 4478 persone,
2085 4387 2289 4481 idest,
2359 4408 2501 4461 non
2580 4390 2923 4465 videntur

581 4508 753 4580 mihi
809 4507 1168 4600 homineS,
1220 4507 1406 4580 sicut
1457 4513 1535 4579 tu
1597 4506 1889 4581 dicebas
1955 4507 2164 4580 mihi:
2236 4516 2453 4582 autor
2514 4511 2709 4584 enim
2776 4533 2921 4586 non

579 4629 873 4703 videbat
924 4627 1056 4700 nisi
1109 4647 1282 4701 saxa
1339 4626 1618 4701 moveri
1658 4648 1793 4722 per
1841 4649 2119 4722 aerem,
2156 4634 2231 4703 et
2275 4649 2416 4703 non
2456 4631 2784 4704 homines
2818 4633 2925 4706 la-

581 4755 816 4823 tentes
885 4749 1024 4822 sub
1087 4749 1238 4842 eis3
1305 4770 1342 4821 e
1403 4769 1548 4820 non
1603 4769 1686 4821 so
1747 4751 1888 4840 che,
1952 4749 2249 4845 supple,'
2284 4751 2395 4844 sit,
2447 4743 2508 4823 εὶ
2557 4755 2673 4825 nel
2716 4756 2925 4826 veder

579 4871 953 4960 vaneyyiO,
1005 4869 1208 4958 idest,
1251 4867 1347 4941 ita
1401 4868 1475 4940 in
1526 4869 1685 4941 visu
1731 4869 2010 4962 vacillo,
2051 4869 2222 4962 quia
2258 4869 2459 4942 visus
2492 4870 2663 4945 dicit
2707 4872 2922 4946 mihi:

2714 5011 2872 5019 -—-—

707 5053 764 5116 (¹)
799 5055 859 5105 B.
895 5056 1036 5119 Ergo
1067 5070 1212 5105 sume
1245 5071 1394 5106 onus.
1775 5056 1830 5118 (')
1863 5057 1924 5106 E.
1958 5056 2077 5120 quia
2111 5057 2331 5108 volebat.

707 5131 764 5194 ι’)
798 5131 858 5182 Ε.
892 5134 1110 5194 veniam,
1143 5139 1196 5183 et
1228 5133 1299 5182 sic
1332 5134 1712 5216 reconciliatus.
