4392 6850
1541 984 1817 1040 cAN'rus
1867 985 2152 1040 ramus
2924 973 3015 1040 37

671 1132 1242 1208 misericordiam
1299 1129 1522 1204 hostis
1573 1129 2021 1204 odiosissimi.
2069 1129 2401 1203 Tertium
2436 1130 2571 1203 fuit
2621 1130 2730 1202 ira
2782 1136 2857 1204 et
2906 1130 3020 1203 in-

667 1254 1022 1350 dignatio:
1077 1253 1256 1328 Cato
1305 1251 1500 1326 enim
1548 1250 1870 1325 offensus
1919 1270 1966 1324 a
2015 1250 2328 1345 Caesare,
2364 1251 2492 1346 qui
2544 1251 2619 1326 in
2662 1271 2797 1324 suo
2842 1271 3019 1326 con-

667 1377 911 1450 sulatu
963 1375 1236 1448 fecerat
1287 1372 1528 1467 ipsum
1581 1371 1874 1468 indigne
1927 1372 2118 1444 trahi
2149 1372 2242 1446 ad
2282 1392 2689 1466 carcerem,
2724 1391 3017 1468 semper

670 1495 1002 1591 quaesivit
1051 1494 1468 1586 vindictam,
1521 1498 1596 1567 et
1644 1492 1740 1566 ob
1803 1492 1942 1566 hoc
1991 1492 2405 1567 adbaeserat
2453 1493 2835 1588 Pompei03
2888 1493 3017 1568 sed

673 1615 928 1690 ultimo
979 1613 1260 1709 perdita
1309 1634 1438 1708 spe
1489 1612 1846 1706 vindictae,
1897 1612 2052 1686 viso
2095 1613 2384 1687 Caesare
2433 1613 2733 1706 victore,
2778 1634 2859 1688 se
2892 1635 3019 1688 oc-

665 1735 854 1810 cidit.
906 1736 1273 1823 Quartum
1327 1734 1462 1807 suit
1513 1733 1828 1828 vanitas;
1885 1755 2054 1806 nam
2107 1733 2295 1807 sicut
2335 1734 2524 1808 bene
2574 1734 2853 1829 scripsit
2904 1736 3018 1809 vir

667 1856 974 1952 sapiens,
1005 1856 1184 1930 Cato
1213 1856 1500 1930 videtur
1541 1855 1890 1950 quaesisse
1923 1875 2223 1928 causam
2266 1853 2645 1946 moriendi,
2680 1875 2827 1928 non
2864 1862 3015 1930 tam

670 1984 756 2052 ut
805 1977 1166 2052 Caesarem
1221 1977 1512 2072 fugeret
1555 1996 1784 2070 quam
1837 1982 1920 2048 ut
1969 1974 2373 2048 stoicorum
2428 1994 2740 2048 numero
2790 1976 3018 2048 ascri-

670 2098 998 2191 beretur,
1051 2117 1424 2190 suumque
1487 2116 1755 2170 nomen
1809 2095 2056 2189 aliquo
2107 2095 2364 2190 grandi
2414 2095 2739 2170 facinore
2800 2096 3017 2169 clari-

668 2217 941 2291 ficaret.
998 2217 1309 2292 Demum
1363 2236 1497 2310 pro
1529 2215 1826 2310 aliquali
1871 2215 2345 2290 excusatione
2394 2215 2685 2289 Catonis
2734 2223 2845 2290 est
2880 2237 3018 2290 no-

669 2338 996 2432 tandum,
1049 2337 1246 2432 quod
1289 2344 1468 2410 tunc
1509 2337 1895 2411 videbatur
1947 2357 2108 2411 esse
2158 2337 2561 2432 gloriosum
2616 2337 3015 2433 anticipare

666 2465 1020 2551 mortem,
1082 2478 1258 2531 cum
1325 2458 1547 2530 homo
1613 2456 1916 2530 timebat
1977 2457 2327 2532 devenire
2394 2458 2465 2530 in
2542 2478 2806 2530 manus
2882 2457 3015 2532 ad-

653 2579 1169 2653 versariorum
1235 2597 1572 2671 suorum,
1645 2582 1779 2650 aut
1843 2577 2000 2652 fieri
2066 2577 2463 2652 ludibrium
2519 2578 2833 2651 fortunae
2882 2584 3015 2651 aut

665 2699 863 2775 aliud
914 2699 1280 2795 indignius
1329 2698 1476 2793 pati
1527 2697 1733 2793 peius
1789 2705 2062 2774 morte:
2101 2707 2176 2773 et
2210 2718 2304 2772 ne
2342 2699 2679 2792 exempla
2722 2697 3017 2772 aliunde

667 2820 1092 2915 perquiram
1147 2825 1480 2912 tempore
1529 2818 1849 2913 praedicti
1903 2818 2068 2894 belli
2116 2819 2445 2912 africani,
2504 2839 2655 2912 quo
2704 2819 2883 2892 Cato
2934 2839 3015 2892 se

668 2940 948 3034 occidit,
1001 2939 1238 3034 Scipio
1289 2959 1500 3013 socer
1552 2939 1850 3034 Pompei
1904 2960 1984 3014 se
2033 2941 2313 3033 occidit,
2366 2946 2439 3014 et
2492 2962 2627 3015 rex
2676 2940 2889 3032 Juba,
2923 2939 3016 3013 de

667 3081 991 3156 quorum
1047 3053 1506 3151 mortibus(¹)
1561 3059 1847 3132 dicetur
1905 3060 1996 3132 VI
2053 3059 2371 3155 capitulo
2432 3060 2775 3134 Paradisi.
2828 3059 3015 3148 Quid

665 3181 902 3256 dicam
955 3180 1048 3254 de
1098 3179 1498 3254 Hannibale
1534 3186 1608 3254 et
1645 3200 1822 3276 rege
1855 3180 2287 3272 Mithridate,
2329 3201 2651 3275 quorum
2698 3186 3015 3275 uterque

665 3321 748 3376 se
799 3320 1084 3376 veneno
1137 3299 1465 3392 extinxit,
1509 3306 1592 3373 ut
1623 3299 1911 3374 dicetur
1948 3300 2249 3395 praefato
2285 3300 2605 3394 capitulo
2643 3299 3024 3386 Paradisi‘l,

665 3431 742 3497 et
790 3421 888 3495 ita
941 3442 1227 3515 possem
1280 3419 1527 3495 dicere
1575 3419 1668 3494 de
1721 3420 1938 3495 mille.
1989 3421 2178 3509 Quid
2238 3419 2695 3518 singulorum
2758 3442 3017 3496 exem-

669 3543 786 3637 pla
835 3562 1112 3637 quaero,
1166 3542 1461 3636 quando
1515 3542 1782 3635 aliquae
1825 3542 2102 3615 nobiles
2148 3542 2477 3617 civitates
2511 3563 2647 3637 pro
2680 3543 3015 3619 libertate

668 3662 1014 3758 expositae
1066 3662 1368 3736 suerunt
1416 3662 1614 3736 ferro
1665 3667 1740 3735 et
1789 3662 1959 3758 igne
2010 3662 2514 3737 crudelissimo
2540 3655 2613 3755 (²)
2655 3664 2935 3739 excidio
2968 3685 3013 3739 a

670 3782 978 3877 propriis
1027 3781 1331 3873 civibuS,
1367 3781 1556 3855 sicut
1593 3780 2034 3877 Saguntum,
2069 3783 2465 3857 Numantia
2512 3790 2589 3857 et
2635 3782 2905 3856 Astaba
2940 3782 3010 3855 in

671 3903 1055 3997 Hispania?
1105 3908 1182 3977 et
1231 3902 1330 3976 ita
1389 3902 1483 3975 de
1537 3902 1814 3995 multis;
1867 3909 1941 3977 et
1981 3923 2162 3977 vere
2213 3904 2377 3979 licet
2428 3924 2628 3978 mors
2677 3904 3015 3977 volunta-

672 4022 777 4097 ria
829 4022 1167 4117 culpetur
1208 4023 1385 4117 jure
1415 4012 1490 4113 (³)
1552 4022 1749 4117 apud
1799 4042 2080 4118 omnes,
2133 4024 2307 4117 quia
2349 4023 2753 4119 depositum
2816 4023 3011 4098 reddi

669 4163 816 4216 non
866 4142 1084 4217 debet
1133 4144 1416 4237 absque
1465 4150 1830 4238 praecepto
1880 4144 2345 4239 deponentis;
2401 4152 2647 4220 tamen
2691 4146 3012 4219 circum-

667 4264 932 4359 scripta
969 4263 1112 4339 fide
1147 4264 1220 4337 in
1255 4284 1431 4339 casu
1462 4264 1908 4339 necessitatis
1936 4285 2138 4339 mors
2175 4265 2461 4341 videtur
2486 4266 3008 4361 amplectenda.

669 4384 902 4458 Huius
973 4384 1080 4459 rei
1151 4384 1717 4459 memorandum
1785 4385 2207 4480 exemplum
2280 4386 2569 4459 videtur
2638 4386 3016 4480 reliquisse

669 4506 920 4579 Vibius
983 4504 1248 4600 ViriuS,
1315 4505 1440 4599 qui
1513 4504 1773 4579 nobilis
1838 4512 2135 4580 senator
2206 4526 2583 4602 capuanus
2658 4527 2749 4581 eo
2824 4512 3015 4581 tem-

667 4646 846 4720 pore
897 4646 1048 4720 quo
1097 4626 1346 4720 Capua
1396 4626 1521 4699 diu
1574 4626 1868 4701 obsessa
1921 4632 2080 4701 erat
2135 4627 2500 4702 reddenda
2555 4627 2899 4721 romaniS,
2942 4629 3015 4702 in

665 4753 924 4819 senatu
979 4766 1117 4819 suo
1167 4745 1700 4821 animosissima
1733 4734 1806 4839 (⁴)
1861 4747 2194 4822 oratione
2230 4748 2518 4821 locutus
2557 4754 2690 4843 est,
2728 4769 3016 4824 memo-

668 4886 842 4941 rans
892 4866 1026 4939 illis
1081 4867 1348 4940 multas
1393 4850 1472 4941 'et
1523 4886 1830 4963 magnas
1896 4866 2198 4942 iniurias
2268 4889 2453 4962 quas
2512 4868 2838 4944 fecerant
2890 4891 3014 4945 ca-

791 5053 846 5113 (¹)
877 5052 929 5101 S·
963 5059 1150 5103 morte·
1773 5055 1828 5117 (⁸)
1857 5054 1907 5105 S.
1943 5068 2002 5104 ac
2035 5056 2411 5107 crudelissimo.

793 5128 846 5192 (⁸)
879 5130 931 5180 S.
965 5130 1029 5179 de
1053 5130 1194 5193 jnre.
1773 5132 1828 5195 (⁸)
1861 5132 1922 5182 E.
1954 5133 2196 5183 animosa.
