4392 6850
1440 974 1725 1030 murus·
1764 935 2108 1042 eumue
2796 965 2935 1031 149

586 1137 742 1213 quo
792 1119 1008 1194 nimis
1033 1111 1108 1212 (⁴)
1161 1119 1513 1213 temporis
1563 1119 1990 1216 expendisti.
2016 1161 2118 1174 —
2149 1125 2211 1194 O
2244 1123 2509 1194 anima.
2554 1121 2685 1196 Hic
2716 1127 2940 1216 poeta

587 1239 931 1316 describit
979 1240 1387 1314 orationem
1449 1239 1762 1316 istorum
1826 1241 2303 1336 venientium,
2368 1242 2497 1337 qui
2560 1249 2947 1337 captantes

591 1360 1178 1436 benevolentiam
1241 1359 1514 1434 faciunt
1574 1360 1996 1455 petitionem
2049 1382 2319 1456 suam3,
2348 1362 2544 1438 unde
2592 1363 2809 1438 dicit:
2862 1369 2939 1438 et

590 1481 734 1554 iuae
779 1480 1070 1574 animae,
1105 1483 1362 1554 venian
1405 1484 1793 1574 ger-iduma,
1828 1504 1874 1557 a
1919 1484 2158 1579 longe,
2200 1506 2247 1556 ο
2296 1488 2565 1576 anima,
2616 1491 2692 1560 et
2744 1486 2937 1560 hene

585 1601 860 1696 dicunt,
914 1603 1090 1696 quia
1137 1602 1406 1676 Dantes
1455 1622 1630 1676 cum
1665 1602 1916 1678 animo
1949 1603 2098 1678 ibat
2131 1625 2265 1699 per
2310 1606 2696 1702 regionem.
2736 1625 2939 1680 mor-

430 1811 436 1818 ·
587 1727 922 1817 tuorum,
971 1723 1140 1798 licet
1189 1723 1444 1798 vivens
1491 1723 1734 1799 adhuc
1783 1745 1956 1798 cum
2007 1745 2257 1819 carne,
2308 1729 2427 1800 ohe
2478 1730 2596 1799 vai
2633 1749 2771 1819 per
2828 1748 2943 1800 es·-

583 1864 708 1916 ser·
755 1846 943 1936 licta,
995 1844 1169 1938 quia
1219 1843 1510 1938 scilicet,
1548 1843 1780 1918 tendis
1813 1845 1906 1919 ad
1941 1845 2216 1918 coelum
2253 1865 2383 1940 per
2416 1846 2933 1942 purgationem

589 1973 1094 2061 peccatorum,
1127 1987 1262 2038 con
1293 1968 1510 2058 quelle
1541 1965 1856 2038 membra
1889 1985 2021 2038 con
2059 1969 2124 2038 lc
2156 1969 2325 2057 quai
2362 1971 2684 2057 nasccsti,
2736 1965 2935 2059 quod

591 2094 708 2160 est
757 2085 1126 2181 singulare
1173 2085 1452 2159 donum
1504 2085 1656 2179 Dei,
1707 2107 1806 2159 un
1847 2107 2028 2178 poco
2077 2089 2132 2158 il
2171 2107 2391 2178 passo
2440 2093 2670 2178 quem,
2730 2087 2933 2180 idest,

591 2225 979 2280 remorare
1029 2204 1422 2279 modicum.
1475 2205 1562 2278 Et
1611 2204 1916 2279 adverte
1969 2204 2084 2280 hic
2126 2205 2327 2299 quod
2368 2206 2503 2280 ista
2544 2207 2753 2281 litera
2788 2225 2953 2280 non.

589 2326 886 2400 videtur
946 2325 1136 2400 bene
1198 2345 1486 2419 sonare,
1539 2324 1738 2420 quia,
1789 2332 1875 2399 ut
1920 2327 2080 2421 jam
2139 2327 2419 2400 dictum
2485 2334 2619 2422 est,
2668 2329 2937 2402 animae

588 2445 750 2520 istae
797 2451 1012 2520 eraut
1060 2444 1561 2537 velocissimae,
1595 2450 1672 2520 et
1708 2466 1858 2520 uno
1895 2453 2269 2522 momento
2304 2446 2709 2543 attigissent
2741 2449 2956 2522 Dan—-

589 2572 742 2642 tem
797 2564 1294 2642 tardissimum
1344 2565 1708 2662 gravitate
1745 2566 2094 2662 corporis.
2129 2566 2534 2641 Dicendum
2588 2569 2935 2664 breviter,

593 2687 793 2782 quod
845 2706 996 2761 non
1045 2687 1429 2781 oportebat
1479 2686 1678 2780 quod
1726 2688 1996 2761 Dantae
2045 2695 2450 2763 arrestaret
2501 2709 2581 2763 se
2639 2695 2951 2784 propter*

595 2793 1010 2903 expe'ctare,
1044 2806 1172 2881 sed
1211 2805 1386 2900 quia
1435 2827 1583 2880 non
1635 2806 2022 2882 videbatur
2069 2806 2353 2904 dignari
2402 2808 2768 2884 ascultare
2810 2829 2939 2883 eos

595 2927 838 3004 eundo
897 2925 1266 3001 continuo.
1329 2925 1534 3001 Unde
1599 2926 1896 3000 dicunt:
1947 2929 2261 3020 quarela,
2322 2930 2381 3000 s’
2406 2931 2613 3001 alcun
2678 2931 2753 3002 dt·
2816 2931 2939 3002 not·

593 3068 832 3140 unqua
881 3049 1158 3139 vedent,
1211 3047 1481 3122 scilicet
1531 3046 1900 3122 viventem
1953 3047 2027 3121 in
2081 3048 2382 3142 mundo,
2434 3041 2493 3121 εὶ
2550 3051 2671 3122 οΙιο
2719 3051 2795 3122 di
2842 3052 2944 3124 lui

596 3172 672 3244 di
703 3161 778 3243 ἰὰ
807 3171 1076 3242 novelle
1106 3171 1322 3262 porti.
1375 3169 1466 3242 Et
1489 3168 1689 3263 quia
1739 3179 1978 3263 poeta,
2020 3169 2241 3264 juxta
2288 3177 2739 3264 praeceptum
2775 3169 2943 3245 Vir·-

595 3291 767 3390 gilii,
820 3312 968 3365 non
1027 3311 1108 3365 se
1156 3290 1588 3385 arrestabat‚
1647 3298 1724 3365 et
1784 3313 1934 3365 non
1996 3312 2078 3366 se
2147 3293 2574 3370 revolvebat
2634 3295 2729 3370 ad
2788 3313 2941 3389 eos),

597 3413 850 3489 dicunt
889 3411 1344 3508 suppliciter:
1383 3414 1578 3486 Dela!
1617 3432 1788 3507 quae
1835 3419 1946 3487 est
1985 3411 2204 3488 dictio
2252 3412 2741 3511 deprecativa,
2770 3438 2964 3512 per-

597 3530 720 3609 che*
750 3537 893 3626 vai,
925 3533 1131 3628 idest,
1158 3554 1394 3627 quare
1428 3554 1574 3607 non
1607 3554 1850 3609 cessas
1890 3534 1987 3607 ab
2021 3534 2267 3609 eundo
2292 3540 2325 3608 ‘t
2357 3538 2489 3609 dele
2509 3536 2771 3637 perche
2798 3560 2967 3613 non·

601 3658 647 3730 t?
671 3656 988 3729 armti?
1036 3653 1122 3726 Et
1175 3652 1522 3748 videnteS,
1558 3654 1757 3748 quod
1805 3654 2074 3729 Dantes
2125 3674 2273 3728 non
2328 3655 2711 3731 videbatur
2753 3658 2965 3733 flecti·

597 3775 694 3851 ad
742 3794 1000 3870 preces
1048 3794 1337 3868 eorum,
1390 3780 1476 3847 ut
1525 3782 1870 3850 moveant
1919 3774 2158 3869 ipsum
2212 3775 2327 3850 ad·
2364 3778 2949 3853 commiseratio·-

601 3916 772 3971 nem
842 3903 1149 3969 narrant
1207 3914 1470 3968 eorum
1539 3894 2028 3969 miserabilem
2101 3902 2444 3991 mortem,
2510 3904 2586 3973 et
2647 3898 2943 3972 dicunt:

599 4020 721 4091 noi
761 4020 1032 4111 tiammo
1079 4006 1204 4107 yid
1253 4019 1401 4089 tutti
1440 4036 1576 4109 per
1617 4018 1842 4109 sorza
1887 4020 2124 4108 morti,
2175 4017 2383 4112 idest,
2434 4018 2819 4114 interfecti,
2872 4026 2945 4095 et

601 4136 738 4212 viri
791 4135 1118 4212 valentes
1181 4134 1482 4245 mundo,
1533 4156 1572 4209 c
1636 4139 1992 4227 peccatori
2037 4139 2258 4230 influo
2327 4140 2445 4212 alt’
2460 4142 2714 4222 ‚ultima
2780 4162 2965 4233 ora,

601 4257 758 4333 sine
803 4256 1228 4351 poenitentia
1260 4256 1336 4329 in
1371 4256 1544 4351 vita,
1581 4266 1658 4333 et
1693 4263 1940 4331 tamen
1977 4258 2395 4333 meruimus
2429 4260 2716 4334 veniam
2753 4262 2955 4357 apud

603 4378 884 4470 Deum3
937 4374 1136 4450 uude
1201 4375 1417 4450 dicit:
1487 4380 1700 4470 quivi,
1769 4378 2042 4453 scilicet
2101 4380 2174 4453 in
2240 4380 2537 4475 ultimiS,
2598 4385 2779 4456 lume
2837 4385 2969 4457 dd·

603 4505 754 4593 ciel,
806 4500 1013 4596 idest,
1051 4500 1289 4598 gratia
1341 4500 1495 4595 Dei,
1539 4522 1628 4573 nc
1668 4504 1818 4595 fece
1868 4505 2134 4576 accorti
2144 4530 2176 4597 ;
2212 4510 2283 4578 et
2320 4504 2511 4579 bene
2546 4504 2738 4599 dicit,
2775 4505 2951 4600 quia

605 4621 994 4719 singularis
1040 4620 1278 4718 gratia
1331 4620 1459 4695 Dei
1511 4628 1620 4695 est
1671 4620 1746 4694 in
1800 4622 2086 4718 talibus,
2135 4644 2311 4697 cum
2362 4622 2553 4699 dicat
2604 4625 2955 4722 Augusti*-

609 4762 794 4815 nus:
873 4746 1036 4815 Hac
1109 4744 1718 4815 animadversione
1783 4744 2168 4818 cmzcucimr
2228 4752 2588 4838 peccator,
2656 4752 2733 4821 ut
2802 4766 2955 4819 mo-

607 4864 798 4934 n‘cns
864 4861 1310 4935 obliviscatur
1373 4864 1506 4953 sui,
1575 4864 1696 4955 qui
1761 4866 1927 4938 dum
1995 4867 2253 4937 viveret
2318 4867 2563 4939 oblitus
2630 4874 2733 4940 est
2794 4871 2945 4941 Dei.

738 5113 794 5177 (¹)
825 5116 889 5166 Β.
919 5115 1158 5167 nimium.
