4392 6850
1485 1006 1762 1063 CAN-rus
1810 1007 2140 1063 ‘rna-rme.
2888 995 2983 1063 83

635 1163 1024 1253 peccatum
1077 1154 1275 1249 quod
1328 1153 1619 1230 videtur
1659 1174 1974 1250 parvum
2027 1154 2146 1229 vel
2195 1153 2483 1229 nullum
2526 1153 2991 1230 conscientiae

635 1277 844 1374 pravi
895 1275 1230 1370 hominiS,
1283 1274 1575 1350 videtur
1628 1296 1984 1373 magnum
2019 1274 2482 1350 conscientiae
2529 1275 2722 1350 boni.
2758 1276 2987 1350 Error

638 1399 835 1476 enim
885 1397 1160 1494 Virgilii
1213 1395 1330 1471 hic
1381 1397 1623 1471 fuerat
1665 1416 1963 1492 parvuS,
1999 1395 2152 1470 imo
2189 1396 2378 1471 forte
2412 1397 2680 1491 nullus,
2717 1396 2985 1472 scilicet

637 1518 1056 1595 cucurrisse
1104 1537 1415 1613 parum3
1450 1515 1626 1610 quia
1676 1516 2068 1611 aliquando
2101 1516 2691 1611 oportet'cedere
2736 1537 2987 1592 neces-

641 1638 829 1714 sitati
881 1645 954 1714 et
1003 1637 1304 1712 obedire
1355 1635 1704 1732 tempori:
1741 1641 1816 1710 et
1850 1641 2098 1710 tamen
2133 1634 2227 1708 de
2260 1636 2398 1710 hoc
2433 1634 2776 1732 Virgilius
2810 1657 2987 1712 eru-

641 1759 984 1834 bescebat
1024 1758 1244 1854 Juxta
1292 1756 1469 1832 illud
1533 1755 1907 1854 Gregorii:
1969 1756 2315 1829 bonarum
2367 1760 2690 1830 mentium
2750 1763 2853 1830 est
2894 1757 2990 1829 ibi

643 1883 886 1972 culpas
953 1899 1360 1970 aynoscere,
1429 1878 1546 1952 ubi
1606 1880 1815 1970 culpa
1864 1897 2009 1950 non
2056 1883 2174 1950 est.
2229 1875 2684 1973 Augustinus
2735 1885 2987 1953 tamen

647 2000 939 2076 videtur
989 1999 1439 2075 contrarium
1492 1998 1682 2074 velle
1725 1997 1853 2092 qui
1901 1997 2109 2072 dicit:
2163 2018 2319 2070 oum
2367 2001 2763 2071 humilitatis
2809 2019 2991 2089 yra-

646 2123 746 2195 tia
808 2123 1144 2211 meum,
1199 2122 1264 2194 si
1311 2127 1642 2212 peccator
1707 2140 1852 2192 non
1908 2139 2074 2192 eras
2133 2125 2506 2210 antequam
2574 2120 2991 2210 mentirerss,

643 2244 940 2336 efficeris
1010 2243 1416 2314 mentiendo,
1485 2239 1626 2314 Sed
1677 2239 1954 2314 dictum
2005 2238 2341 2336 Gregorii
2391 2238 2609 2316 debet
2667 2238 2991 2336 intelligi,

643 2361 842 2458 quod
897 2361 1010 2434 vir
1056 2361 1296 2436 bonus
1345 2382 1492 2436 non
1541 2360 1781 2434 solum
1829 2359 1996 2435 facit
2031 2359 2162 2434 sibi
2197 2359 2715 2436 conscientiam
2750 2360 2808 2432 si
2845 2379 2993 2434 non

641 2487 889 2558 servat
922 2487 1310 2576 praecepta,
1345 2480 1473 2556 sed
1515 2480 1735 2556 etiam
1779 2479 1838 2554 si
1877 2500 2024 2553 non
2063 2487 2310 2554 servat
2351 2479 2669 2554 consilia.
2718 2478 2997 2554 Deinde

643 2610 860 2700 poeta
911 2601 1226 2678 ostendit
1261 2600 1574 2697 qualiter
1609 2607 1768 2696 post
1803 2600 2308 2676 reductionem
2345 2599 2621 2697 Virgilii
2658 2599 2809 2695 ipse
2844 2606 2991 2674 sta-

646 2725 777 2800 tim
832 2743 914 2798 se
964 2717 1283 2819 reduxit,
1325 2729 1400 2798 et
1433 2721 1827 2817 resumpsit
1861 2741 2081 2796 suum
2120 2721 2595 2816 propositum.
2632 2720 2837 2794 Unde
2884 2718 2995 2792 di-

645 2845 789 2920 cit:
845 2847 917 2917 la
965 2851 1186 2917 mente
1233 2847 1402 2935 mia,
1455 2843 1660 2938 idest,
1712 2842 2112 2938 speculatio
2172 2841 2530 2934 mentam,
2584 2843 2703 2914 che
2750 2843 2993 2933 prima

647 2985 777 3038 era
823 2967 1162 3054 risu-elta,
1213 2963 1419 3059 idest,
1483 2963 1826 3041 distracta
1877 2970 1952 3038 et
2014 2963 2379 3037 abstracta
2436 2962 2531 3037 ab
2594 2961 2717 3036 illo
2782 2961 2991 3036 suavi

649 3090 871 3160 cantu
898 3083 1220 3178 Casellae,
1255 3088 1326 3157 lo
1356 3087 1611 3158 intento
1649 3077 2004 3176 rallaryd,
2041 3082 2246 3178 idest,
2282 3082 2756 3158 intentionem
2791 3083 2997 3177 prin-

645 3205 954 3300 cipalem
1008 3203 1382 3298 ampliavit
1413 3210 1490 3279 et
1523 3203 1881 3298 liberavit,
1918 3223 2086 3298 quae
2130 3203 2371 3299 primo
2422 3209 2583 3277 erat
2632 3203 2995 3298 captivata

647 3332 721 3400 et
785 3330 939 3399 tota
1006 3331 1360 3418 occupata
1423 3323 1616 3399 circa
1679 3323 1886 3398 illum
1955 3331 2253 3398 cantum
2320 3323 2617 3418 amoriS,
2682 3317 2742 3397 εὶ
2804 3345 2998 3398 come

647 3467 863 3538 vaya,
914 3444 1120 3540 idest,
1171 3444 1383 3520 avida
1435 3444 1722 3519 videndi
1776 3465 1894 3519 res
1936 3465 2162 3519 novas
2204 3446 2645 3540 purgatorii3
2688 3445 2854 3520 ideo
2886 3444 2997 3520 di-

649 3566 784 3643 cit:
819 3589 858 3640 e
905 3568 1092 3641 ἀέσαι·
1117 3568 1177 3639 il
1201 3568 1350 3641 viso
1400 3567 1566 3657 mie,
1619 3564 1889 3641 scilicet
1930 3564 2523 3659 intellectualem,
2557 3568 2880 3638 incontro
2922 3566 3001 3637 al

645 3691 932 3783 poyyiO,
982 3687 1188 3783 idest,
1240 3706 1502 3762 versus
1553 3693 1914 3779 montem3
1951 3692 2026 3760 et
2075 3685 2400 3759 declarat
2433 3684 2525 3759 de
2560 3705 2711 3777 quo
2744 3688 2999 3758 monte

650 3808 1024 3901 loquatur,
1074 3807 1367 3883 dicens:
1429 3808 1550 3880 che
1597 3809 1874 3879 'averso
1915 3807 1968 3879 Ἰ
2010 3806 2140 3878 ciel
2184 3799 2311 3899 piri
2376 3806 2517 3877 alto
2566 3806 2629 3876 si
2689 3805 2999 3896 dislaya,

598 4024 606 4031 ¹
653 3927 858 4024 idest,
893 3928 1020 4022 qui
1072 3948 1284 4003 mons
1339 3926 1569 4024 magis
1621 3933 1695 4001 et
1745 3925 1981 4022 magis
2014 3924 2361 3999 dilatatur
2396 3944 2787 4019 usquequo
2826 3945 2999 4019 per-

654 4048 994 4125 veniatur
1042 4048 1119 4122 in
1169 4049 1467 4123 coelum.
1522 4044 1723 4122 Unde
1774 4053 1946 4122 nota
1999 4046 2195 4140 quod
2246 4052 2461 4141 poeta
2519 4044 2748 4142 fingit,
2800 4044 2997 4140 quod

653 4168 770 4243 hic
820 4188 1035 4243 mons
1084 4167 1328 4264 incipit
1376 4167 1473 4243 ab
1523 4177 1751 4261 arcte,
1788 4174 1863 4243 et
1902 4165 2262 4262 gradatim
2305 4165 2764 4241 ascendendo
2804 4186 3000 4241 sem·-

653 4308 785 4385 per
811 4282 886 4381 (¹)
937 4289 1359 4383 ampliatur,
1411 4287 1598 4362 sicut
1647 4294 1845 4383 patet
1907 4286 1983 4360 in
2043 4306 2274 4362 arena
2324 4286 2635 4360 Veronae
2698 4286 2757 4359 si
2817 4286 2999 4361 inci-

654 4409 760 4506 pis
810 4429 857 4482 a
907 4408 1136 4483 fundo
1186 4418 1260 4485 et
1293 4406 1526 4483 tendis
1575 4407 1650 4481 in
1699 4409 1976 4501 altum3
2019 4415 2094 4482 et
2135 4406 2295 4481 talis
2335 4414 2537 4482 recte
2578 4412 2689 4481 est
2739 4407 2995 4481 virtus,

659 4531 746 4604 Et
794 4531 934 4605 hoc
983 4528 1144 4623 feci,
1197 4530 1483 4621 quando
1533 4530 1585 4602 li
1620 4531 1816 4622 piedi
1871 4530 2049 4621 suoi,
2112 4527 2383 4603 scilicet
2448 4528 2635 4601 illius
2700 4526 3001 4624 Virgilii,

656 4651 920 4723 lasciar
968 4652 1044 4723 la
1085 4652 1326 4744 frena,
1378 4648 1582 4743 idest,
1635 4649 1932 4743 quando
1981 4648 2293 4725 cessavit
2352 4668 2397 4721 a
2466 4667 2689 4720 cursu
2750 4654 2826 4721 et
2874 4646 3003 4719 fir-

659 4767 886 4844 mavit
935 4788 1036 4843 se.
1089 4768 1182 4841 Et
1229 4767 1460 4865 tangit
1511 4789 1823 4863 parvum
1873 4767 2129 4843 sallum
2180 4765 2381 4861 quod
2432 4766 2705 4840 fecerat
2765 4765 3003 4863 Virgi-

657 4886 819 4981 liuS,
885 4907 1060 4962 cum
1129 4886 1345 4962 dicit:
1425 4890 1579 4980 che,
1643 4887 1848 4983 idest,
1911 4907 2079 4982 quae
2143 4886 2577 4981 festinantia,
2648 4889 2999 4979 dismaqa,

781 5152 840 5217 (¹)
871 5150 936 5203 Β.
968 5163 1176 5215 semper
1205 5152 1502 5219 duplicatur
1532 5154 1640 5206 sire
1671 5152 1966 5217 ampliatur.
