4392 6850
1517 898 1661 967 468
2232 910 2643 966 couEN‘ruu
2693 908 3132 966 runex‘roau

1512 1058 1905 1153 plusquam
1954 1054 2242 1150 debeat,
2295 1056 2413 1131 vel
2464 1056 2784 1131 amando
2809 1074 3214 1129 -summum
3274 1054 3552 1129 bonum
3617 1054 3862 1129 minus

1512 1198 1740 1273 quam
1790 1174 2095 1269 debeat3
2148 1174 2346 1250 unde
2393 1174 2628 1251 dicit:
2655 1197 2702 1250 o
2743 1196 2878 1269 per
2927 1182 3180 1269 troppo
3228 1177 3306 1249 di
3349 1178 3619 1267 vigore,
3669 1174 3864 1251 scili-

1510 1305 1650 1392 cet,
1718 1296 1934 1371 nimis
2002 1294 2408 1391 appetendo
2469 1292 2930 1391 temporalia,
2990 1315 3035 1367 o
3094 1314 3229 1387 per
3284 1316 3496 1388 poco,
3563 1294 3854 1387 scilicet,

1514 1420 1707 1495 lente
1756 1416 2073 1492 amando
2123 1416 2388 1509 Deum,
2455 1423 2532 1491 et
2592 1415 3020 1512 protelando
3087 1435 3354 1491 verum
3423 1416 3727 1491 bonum.
3757 1455 3855 1469 —

1511 1544 1799 1613 Mentre.
1827 1535 1956 1612 Hic
1979 1535 2324 1633 Virgilius
2349 1535 2674 1612 declarat
2700 1535 2898 1631 quod
2929 1534 3112 1609 dixit
3135 1534 3524 1611 osteudens
3559 1536 3850 1629 quando

1508 1679 1725 1735 amor
1775 1662 2046 1753 peccat,
2082 1662 2157 1730 et
2207 1655 2504 1750 quando
2551 1675 2724 1750 nou,
2765 1654 3053 1731 dicens:
3096 1663 3360 1729 mentre
3393 1657 3495 1729 ch’
3516 1657 3678 1747 eyh',
3713 1655 3864 1730 sci-.

1509 1779 1701 1872 licet,
1750 1798 1963 1851 amor
2012 1775 2262 1869 animi,
2315 1771 2356 1850 e*
2401 1778 2650 1849 diretta
2711 1778 2828 1849 nel
2877 1778 3114 1868 primo
3177 1776 3334 1867 ben,
3384 1782 3560 1871 puta
3610 1775 3846 1851 Deum

1508 1919 1643 1995 per
1692 1898 2022 1991 virtuteS,
2072 1917 2111 1968 e
2158 1918 2234 1968 se
2279 1903 2496 1969 stesso
2547 1899 2843 1987 misum,
2895 1894 3292 1971 resecando
3337 1896 3734 1991 superflua,
3777 1902 3850 1971 et

1509 2039 1683 2094 cum
1720 2017 1941 2091 modo
1975 2022 2047 2091 et
2082 2036 2434 2090 mensura
2464 2016 2782 2090 amando
2817 2014 3247 2111 temporalia
3281 2021 3642 2109 quantum
3679 2020 3846 2087 sunt

1507 2137 1919 2213 necessaria
1947 2130 2020 2227 (¹)
2076 2136 2426 2210 humanae
2483 2135 2676 2229 vitae,
2739 2137 2854 2209 nei
2909 2137 3218 2226 secundi,
3278 2134 3571 2229 scilicet,
3640 2134 3848 2209 bonis

1507 2258 1827 2333 externis
1858 2249 1931 2348 (²)
1987 2256 2324 2351 fortuitiS,
2362 2276 2530 2350 quae
2575 2260 2748 2330 sunt
2797 2256 2992 2331 bona
3041 2256 3474 2331 secundaria
3523 2262 3600 2331 et
3648 2254 3844 2330 ordi-

1506 2384 1777 2453 nantur
1826 2376 1917 2449 ad
1969 2375 2416 2472 principalia,
2465 2396 2656 2449 esser
2701 2396 2850 2449 non
2889 2367 3036 2469 pud
3097 2378 3348 2468 cayion
3417 2378 3494 2449 di
3541 2380 3691 2450 mal
3735 2378 3840 2449 di-

1504 2502 1686 2589 lecto,
1736 2496 1941 2590 idest,
1993 2495 2298 2591 peccati,
2349 2502 2426 2571 et
2477 2516 2621 2571 non
2673 2502 2912 2590 potest
2963 2516 3242 2591 errare,
3279 2496 3452 2591 quia
3487 2497 3660 2571 solae
3695 2495 3841 2569 vir-

1504 2624 1699 2693 tutes
1762 2622 1932 2691 sunt
1990 2616 2272 2710 quibus
2322 2636 2470 2690 non
2529 2614 2884 2713 contingit
2947 2616 3144 2691 male
3211 2616 3338 2689 uti.
3401 2616 3490 2691 Et
3549 2616 3870 2712 quando.

1499 2737 1724 2835 possit
1773 2756 2083 2833 peccare
2132 2735 2446 2811 ostendit
2495 2736 2742 2811 dicens
2775 2760 2794 2810 ε
2859 2757 2980 2810 ma
3029 2740 3340 2832 quando,
3408 2738 3562 2832 ipse
3627 2756 3861 2811 amor.

1499 2858 1749 2952 animi,
1798 2859 1862 2929 si
1898 2864 2110 2930 torve
2157 2860 2240 2931 al
2285 2860 2456 2947 mal,
2507 2856 2798 2950 scilicet,
2850 2856 2943 2931 ad
2995 2858 3276 2932 malum
3339 2858 3656 2954 proximi
3707 2877 3836 2952 per

1500 2976 1941 3073 superbiam,
1997 2976 2366 3069 invidiam,
2415 2976 2631 3070 iram,
2671 2976 2870 3069 quod
2921 2982 3172 3051 tamen
3211 2976 3342 3051 sibi
3379 2978 3672 3052 videtur
3703 2978 3834 3051 bo-

1498 3120 1704 3192 num,
1759 3103 1843 3170 ut
1880 3097 2038 3193 jam
2090 3096 2368 3171 dictum
2421 3101 2554 3191 est,
2589 3118 2636 3169 o
2683 3118 2892 3171 corre
2940 3099 3058 3171 nel
3101 3098 3268 3171 bene
3315 3118 3446 3171 eon
3488 3093 3615 3191 pit'c
3663 3118 3836 3172 cura

1498 3221 1617 3292 che
1664 3237 1807 3290 non
1842 3218 1987 3309 dee,
2026 3215 2318 3311 scilicet,
2354 3217 2650 3309 quaudo
2683 3222 2795 3292 est
2827 3216 3042 3291 nimis
3075 3217 3398 3293 solicitus
3432 3218 3628 3293 circa
3669 3238 3834 3293 cor-

1496 3339 1772 3436 poralia
1804 3328 1893 3432 (³).
1930 3357 2065 3432 per
2112 3336 2524 3431 avaritiam,
2576 3338 2856 3434 gulam,
2906 3338 3307 3435 luxuriam,
3357 3360 3404 3412 o
3453 3360 3586 3413 con
3649 3360 3831 3430 men,

1492 3461 1697 3554 idest,
1750 3466 1825 3534 et
1876 3459 2168 3552 quando
2217 3478 2432 3533 amor
2479 3459 2714 3534 currit
2763 3460 2837 3533 in
2889 3479 3268 3535 summum
3323 3461 3600 3536 bouum
3655 3480 3824 3534 cum

1494 3579 1761 3655 minori
1794 3578 2248 3654 solicitudine
2285 3599 2510 3672 quam
2553 3579 2818 3655 debeat
2867 3599 2999 3675 per
3049 3579 3398 3656 accidiam
3424 3604 3443 3675 ;
3473 3587 3670 3675 tunc,
3704 3600 3834 3654 sua

1486 3705 1783 3796 factura,
1836 3697 2105 3774 scilicet
2166 3700 2394 3774 homo
2469 3705 2766 3774 creatus
2827 3721 2872 3774 a
2936 3700 3112 3795 Deo,
3177 3704 3456 3776 adovra
3511 3701 3735 3773 contae‘
3761 3702 3836 3772 al

1484 3825 1771 3915 factore,
1822 3818 2091 3893 scilicet
2131 3817 2370 3894 Deum
2421 3824 2836 3917 creatorem
2887 3817 3014 3914 qui
3065 3829 3178 3896 est
3208 3819 3569 3895 amandus
3610 3839 3830 3914 super

1488 3941 1771 4036 omnia3
1824 3939 2033 4034 quasi
2084 3938 2310 4014 dicat:
2364 3945 2540 4014 tunc
2587 3946 2868 4034 peccat,
2904 3939 3078 4034 quia
3118 3940 3288 4016 facit
3327 3947 3584 4015 contra
3617 3959 3828 4015 man-

1488 4061 1657 4136 data
1706 4081 1863 4135 sua.
1918 4060 2005 4132 Et
2054 4057 2443 4152 concludit,
2495 4059 2777 4134 diceusz
2829 4055 3074 4152 quindt'
3129 4063 3588 4154 comprender
3629 4063 3821 4153 puoi,

1486 4181 1695 4274 quasi
1746 4180 1971 4255 dicat:
2024 4200 2118 4254 ex
2154 4177 2546 4274 praemissis
2577 4185 2786 4274 potes
2826 4179 3036 4256 facile
3067 4180 3435 4278 colligere,
3469 4182 3590 4254 che
3621 4199 3825 4254 amor

1485 4303 1809 4375 conviene
1856 4321 2045 4373 esser
2092 4319 2444 4390 semenza,
2495 4298 2676 4374 idest
2726 4318 2973 4393 causa,
3023 4303 3100 4372 in
3148 4302 3287 4393 voi,
3347 4299 3640 4392 scilicet,
3692 4300 3826 4374 ho-

1488 4421 1827 4514 minibuS,
1878 4423 1948 4494 d’
1974 4423 2143 4512 oym‘
2192 4422 2461 4513 virmte,
2515 4426 2718 4512 tunc,
2767 4418 3058 4514 scilicet,
3120 4439 3295 4494 cum
3347 4428 3459 4495 est
3507 4419 3825 4495 directus

1483 4539 1559 4614 in
1610 4540 1861 4634 primis
1912 4539 2121 4615 bonis
2154 4545 2230 4614 et
2263 4543 2738 4614 mensuratur
2777 4538 2854 4613 in
2886 4538 3248 4636 secundis»,
3285 4559 3327 4612 e
3374 4542 3444 4613 α’
3463 4542 3634 4630 oym‘
3662 4561 3826 4632 ope-

1482 4663 1802 4752 razione,
1838 4658 2130 4753 scilicet,
2166 4659 2404 4754 malae,
2439 4661 2559 4731 che
2595 4665 2822 4732 merca
2845 4679 3042 4752 pene.
3081 4659 3170 4732 Et
3217 4659 3320 4733 sic
3369 4659 3596 4734 hahes
3629 4657 3824 4754 quod

1483 4799 1695 4855 amor
1746 4785 1857 4854 est
1905 4780 2113 4854 radix
2164 4786 2239 4855 et
2287 4779 2498 4876 origo
2547 4777 2786 4852 omnis
2848 4776 3153 4853 actionis
3211 4783 3366 4854 tam
3426 4777 3819 4853 meritorias

1605 5041 1658 5103 (¹)
1692 5041 1752 5091 E.
1785 5042 2072 5093 necessaria
2104 5043 2228 5093 huic
2259 5043 2395 5094 vilo.
2549 5041 2608 5103 (⁸)
2639 5041 2701 5092 Ε.
2733 5041 2976 5092 exterius.
3132 5039 3186 5104 (⁸)
3221 5043 3330 5101 11⁷,
3363 5040 3687 5104 temporalia.
