<?xml version="1.0" encoding="UTF-8"?>
<!DOCTYPE html PUBLIC "-//W3C//DTD XHTML 1.0 Transitional//EN"
    "http://www.w3.org/TR/xhtml1/DTD/xhtml1-transitional.dtd">
<html xmlns="http://www.w3.org/1999/xhtml" xml:lang="en" lang="en">
 <head>
  <title>
</title>
<meta http-equiv="Content-Type" content="text/html;charset=utf-8" />
  <meta name='ocr-system' content='tesseract 3.04.00' />
  <meta name='ocr-capabilities' content='ocr_page ocr_carea ocr_par ocr_line ocrx_word'/>
</head>
<body>
  <div class='ocr_page' id='page_1' title='image "./comentumsuperda02unkngoog_0497.png"; bbox 0 0 4392 6850; ppageno 0'>
   <div class='ocr_carea' id='block_1_1' title="bbox 1506 944 3118 1022">
    <p class='ocr_par' dir='ltr' id='par_1_1' title="bbox 1506 944 3118 1022">
     <span class='ocr_line' id='line_1_1' title="bbox 1506 944 3118 1022; baseline 0.001 -11"><span class='ocrx_word' id='word_1_1' title='bbox 1506 944 1649 1011; x_wconf 74' lang='lat'><strong>476</strong></span> <span class='ocrx_word' id='word_1_2' title='bbox 1696 1018 1701 1022; x_wconf 59' lang='grc'><strong>,</strong></span> <span class='ocrx_word' id='word_1_3' title='bbox 2225 958 2631 1015; x_wconf 65' lang='lat' dir='ltr'><strong>conam-tm</strong></span> <span class='ocrx_word' id='word_1_4' title='bbox 2677 960 3118 1016; x_wconf 73' lang='lat' dir='ltr'><strong>PunoATonu</strong></span> 
     </span>
    </p>
   </div>
   <div class='ocr_carea' id='block_1_2' title="bbox 1492 1102 3852 4930">
    <p class='ocr_par' dir='ltr' id='par_1_2' title="bbox 1492 1102 3852 4930">
     <span class='ocr_line' id='line_1_2' title="bbox 1502 1102 3843 1199; baseline -0.001 -21"><span class='ocrx_word' id='word_1_5' title='bbox 1502 1108 1749 1199; x_wconf 69' lang='lat' dir='ltr'><strong>nifasto</strong></span> <span class='ocrx_word' id='word_1_6' title='bbox 1798 1107 2075 1177; x_wconf 73' lang='lat' dir='ltr'><strong>Perror</strong></span> <span class='ocrx_word' id='word_1_7' title='bbox 2130 1107 2480 1196; x_wconf 68' lang='lat' dir='ltr'><strong>de&#39;dechi,</strong></span> <span class='ocrx_word' id='word_1_8' title='bbox 2532 1103 2735 1198; x_wconf 90' lang='lat' dir='ltr'><strong>idest,</strong></span> <span class='ocrx_word' id='word_1_9' title='bbox 2789 1102 3286 1197; x_wconf 85' lang='lat' dir='ltr'><strong>quorumdam</strong></span> <span class='ocrx_word' id='word_1_10' title='bbox 3345 1104 3843 1199; x_wconf 85' lang='lat' dir='ltr'><strong>ignorantum,</strong></span> 
     </span>
     <span class='ocr_line' id='line_1_3' title="bbox 1500 1216 3846 1318; baseline 0 -21"><span class='ocrx_word' id='word_1_11' title='bbox 1500 1228 1621 1298; x_wconf 72' lang='lat' dir='ltr'><strong>che</strong></span> <span class='ocrx_word' id='word_1_12' title='bbox 1652 1227 1716 1296; x_wconf 80' lang='lat' dir='ltr'><strong>si</strong></span> <span class='ocrx_word' id='word_1_13' title='bbox 1740 1228 1967 1318; x_wconf 79' lang='lat' dir='ltr'><strong>fanno</strong></span> <span class='ocrx_word' id='word_1_14' title='bbox 2004 1226 2188 1315; x_wconf 80' lang='lat' dir='ltr'><strong>duci,</strong></span> <span class='ocrx_word' id='word_1_15' title='bbox 2215 1224 2418 1318; x_wconf 88' lang='lat' dir='ltr'><strong>idest,</strong></span> <span class='ocrx_word' id='word_1_16' title='bbox 2445 1222 2782 1299; x_wconf 90' lang='lat' dir='ltr'><strong>doctores</strong></span> <span class='ocrx_word' id='word_1_17' title='bbox 2807 1216 2910 1316; x_wconf 79' lang='lat'><strong>(⁴),</strong></span> <span class='ocrx_word' id='word_1_18' title='bbox 2937 1223 3259 1299; x_wconf 90' lang='lat' dir='ltr'><strong>dicentes</strong></span> <span class='ocrx_word' id='word_1_19' title='bbox 3301 1244 3599 1299; x_wconf 86' lang='lat' dir='ltr'><strong>omnem</strong></span> <span class='ocrx_word' id='word_1_20' title='bbox 3635 1243 3846 1297; x_wconf 91' lang='lat' dir='ltr'><strong>amo-</strong></span> 
     </span>
     <span class='ocr_line' id='line_1_4' title="bbox 1504 1342 3839 1437; baseline -0.001 -19"><span class='ocrx_word' id='word_1_21' title='bbox 1504 1364 1662 1419; x_wconf 85' lang='lat' dir='ltr'><strong>rem</strong></span> <span class='ocrx_word' id='word_1_22' title='bbox 1715 1364 1877 1419; x_wconf 86' lang='lat' dir='ltr'><strong>esse</strong></span> <span class='ocrx_word' id='word_1_23' title='bbox 1924 1342 2390 1437; x_wconf 82' lang='lat' dir='ltr'>laudabilem,</span> <span class='ocrx_word' id='word_1_24' title='bbox 2441 1350 2526 1417; x_wconf 88' lang='lat' dir='ltr'><strong>ut</strong></span> <span class='ocrx_word' id='word_1_25' title='bbox 2574 1342 2840 1418; x_wconf 90' lang='lat' dir='ltr'><strong>dicitur</strong></span> <span class='ocrx_word' id='word_1_26' title='bbox 2881 1343 3090 1437; x_wconf 82' lang='lat' dir='ltr'><strong>infra,</strong></span> <span class='ocrx_word' id='word_1_27' title='bbox 3144 1342 3340 1437; x_wconf 92' lang='lat' dir='ltr'><strong>quod</strong></span> <span class='ocrx_word' id='word_1_28' title='bbox 3390 1343 3656 1418; x_wconf 78' lang='lat' dir='ltr'><strong>falsum</strong></span> <span class='ocrx_word' id='word_1_29' title='bbox 3707 1350 3839 1419; x_wconf 88' lang='lat' dir='ltr'><strong>est.</strong></span> 
     </span>
     <span class='ocr_line' id='line_1_5' title="bbox 1501 1462 3842 1605; baseline 0 -68"><span class='ocrx_word' id='word_1_30' title='bbox 1501 1464 1591 1537; x_wconf 86' lang='lat' dir='ltr'><strong>Et</strong></span> <span class='ocrx_word' id='word_1_31' title='bbox 1630 1465 1881 1539; x_wconf 87' lang='lat' dir='ltr'><strong>volens</strong></span> <span class='ocrx_word' id='word_1_32' title='bbox 1914 1463 2321 1558; x_wconf 81' lang='lat' dir='ltr'><strong>ostendere,</strong></span> <span class='ocrx_word' id='word_1_33' title='bbox 2360 1462 2532 1559; x_wconf 90' lang='lat' dir='ltr'><strong>quid</strong></span> <span class='ocrx_word' id='word_1_34' title='bbox 2567 1463 2658 1537; x_wconf 89' lang='lat' dir='ltr'><strong>sit</strong></span> <span class='ocrx_word' id='word_1_35' title='bbox 2691 1483 2928 1557; x_wconf 91' lang='lat' dir='ltr'><strong>amor,</strong></span> <span class='ocrx_word' id='word_1_36' title='bbox 2965 1462 3211 1605; x_wconf 82' lang='lat' dir='ltr'><strong>incipit</strong></span> <span class='ocrx_word' id='word_1_37' title='bbox 3243 1484 3506 1557; x_wconf 89' lang='lat' dir='ltr'><strong>parum</strong></span> <span class='ocrx_word' id='word_1_38' title='bbox 3543 1484 3589 1537; x_wconf 91' lang='lat' dir='ltr'><strong>a</strong></span> <span class='ocrx_word' id='word_1_39' title='bbox 3624 1464 3842 1559; x_wconf 85' lang='lat' dir='ltr'><strong>longe</strong></span> 
     </span>
     <span class='ocr_line' id='line_1_6' title="bbox 1506 1578 3844 1679; baseline 0 -22"><span class='ocrx_word' id='word_1_40' title='bbox 1506 1584 1603 1657; x_wconf 88' lang='lat' dir='ltr'><strong>ab</strong></span> <span class='ocrx_word' id='word_1_41' title='bbox 1650 1582 1875 1679; x_wconf 90' lang='lat' dir='ltr'><strong>ipsius</strong></span> <span class='ocrx_word' id='word_1_42' title='bbox 1936 1583 2202 1679; x_wconf 84' lang='lat' dir='ltr'><strong>radice,</strong></span> <span class='ocrx_word' id='word_1_43' title='bbox 2255 1584 2540 1659; x_wconf 77' lang='lat' dir='ltr'><strong>dicens,</strong></span> <span class='ocrx_word' id='word_1_44' title='bbox 2592 1585 2639 1656; x_wconf 81' lang='lat' dir='ltr'><strong>l’</strong></span> <span class='ocrx_word' id='word_1_45' title='bbox 2665 1588 2903 1657; x_wconf 81' lang='lat' dir='ltr'><strong>animo</strong></span> <span class='ocrx_word' id='word_1_46' title='bbox 2951 1585 3054 1657; x_wconf 75' lang='lat' dir='ltr'><strong>ch&#39;</strong></span> <span class='ocrx_word' id='word_1_47' title='bbox 3079 1578 3122 1657; x_wconf 84' lang='lat' dir='ltr'><strong>e</strong></span> <span class='ocrx_word' id='word_1_48' title='bbox 3174 1591 3410 1657; x_wconf 81' lang='lat' dir='ltr'><strong>creato</strong></span> <span class='ocrx_word' id='word_1_49' title='bbox 3472 1586 3574 1657; x_wconf 85' lang='lat' dir='ltr'><strong>ad</strong></span> <span class='ocrx_word' id='word_1_50' title='bbox 3633 1604 3844 1657; x_wconf 86' lang='lat' dir='ltr'><strong>amar</strong></span> 
     </span>
     <span class='ocr_line' id='line_1_7' title="bbox 1492 1702 3843 1799; baseline 0 -21"><span class='ocrx_word' id='word_1_51' title='bbox 1492 1712 1761 1798; x_wconf 78' lang='lat' dir='ltr'><strong>prestO,</strong></span> <span class='ocrx_word' id='word_1_52' title='bbox 1811 1704 1985 1798; x_wconf 88' lang='lat' dir='ltr'><strong>quia</strong></span> <span class='ocrx_word' id='word_1_53' title='bbox 2034 1703 2222 1779; x_wconf 88' lang='lat' dir='ltr'><strong>sicut</strong></span> <span class='ocrx_word' id='word_1_54' title='bbox 2269 1702 2546 1779; x_wconf 90' lang='lat' dir='ltr'><strong>dictum</strong></span> <span class='ocrx_word' id='word_1_55' title='bbox 2591 1710 2701 1779; x_wconf 93' lang='lat' dir='ltr'><strong>est</strong></span> <span class='ocrx_word' id='word_1_56' title='bbox 2743 1703 2818 1777; x_wconf 92' lang='lat' dir='ltr'><strong>in</strong></span> <span class='ocrx_word' id='word_1_57' title='bbox 2859 1703 3178 1799; x_wconf 89' lang='lat' dir='ltr'><strong>capitulo</strong></span> <span class='ocrx_word' id='word_1_58' title='bbox 3212 1704 3672 1799; x_wconf 85' lang='lat' dir='ltr'><strong>praecedenti,</strong></span> <span class='ocrx_word' id='word_1_59' title='bbox 3708 1723 3843 1779; x_wconf 88' lang='lat' dir='ltr'><strong>nec</strong></span> 
     </span>
     <span class='ocr_line' id='line_1_8' title="bbox 1507 1821 3841 1919; baseline -0.001 -19"><span class='ocrx_word' id='word_1_60' title='bbox 1507 1834 1822 1919; x_wconf 86' lang='lat' dir='ltr'><strong>creator,</strong></span> <span class='ocrx_word' id='word_1_61' title='bbox 1856 1844 1995 1900; x_wconf 89' lang='lat' dir='ltr'><strong>uec</strong></span> <span class='ocrx_word' id='word_1_62' title='bbox 2035 1830 2377 1900; x_wconf 87' lang='lat' dir='ltr'><strong>creatura</strong></span> <span class='ocrx_word' id='word_1_63' title='bbox 2429 1824 2564 1898; x_wconf 75' lang='lat' dir='ltr'><strong>fuit</strong></span> <span class='ocrx_word' id='word_1_64' title='bbox 2615 1844 2946 1917; x_wconf 87' lang='lat' dir='ltr'><strong>unquam</strong></span> <span class='ocrx_word' id='word_1_65' title='bbox 2981 1822 3138 1898; x_wconf 90' lang='lat' dir='ltr'><strong>sine</strong></span> <span class='ocrx_word' id='word_1_66' title='bbox 3177 1844 3458 1919; x_wconf 90' lang='lat' dir='ltr'><strong>amore,</strong></span> <span class='ocrx_word' id='word_1_67' title='bbox 3491 1821 3535 1899; x_wconf 83' lang='lat' dir='ltr'><strong>c</strong></span> <span class='ocrx_word' id='word_1_68' title='bbox 3569 1824 3841 1913; x_wconf 73' lang='lat' dir='ltr'><strong>mobile,</strong></span> 
     </span>
     <span class='ocr_line' id='line_1_9' title="bbox 1508 1942 3842 2040; baseline -0.002 -21"><span class='ocrx_word' id='word_1_69' title='bbox 1508 1944 1713 2040; x_wconf 89' lang='lat' dir='ltr'><strong>idest,</strong></span> <span class='ocrx_word' id='word_1_70' title='bbox 1765 1944 2210 2039; x_wconf 79' lang='lat' dir='ltr'><strong>inclinahiIiS,</strong></span> <span class='ocrx_word' id='word_1_71' title='bbox 2261 1948 2361 2019; x_wconf 86' lang='lat' dir='ltr'><strong>ad</strong></span> <span class='ocrx_word' id='word_1_72' title='bbox 2408 1946 2578 2035; x_wconf 71' lang='lat' dir='ltr'><strong>oym‘</strong></span> <span class='ocrx_word' id='word_1_73' title='bbox 2605 1963 2773 2017; x_wconf 82' lang='lat' dir='ltr'><strong>cosa</strong></span> <span class='ocrx_word' id='word_1_74' title='bbox 2805 1946 2924 2017; x_wconf 71' lang='lat' dir='ltr'><strong>che</strong></span> <span class='ocrx_word' id='word_1_75' title='bbox 2953 1945 2983 2017; x_wconf 82' lang='lat' dir='ltr'><strong>i</strong></span> <span class='ocrx_word' id='word_1_76' title='bbox 3003 1947 3232 2036; x_wconf 79' lang='lat' dir='ltr'><strong>piace,</strong></span> <span class='ocrx_word' id='word_1_77' title='bbox 3265 1942 3470 2037; x_wconf 90' lang='lat' dir='ltr'><strong>idest,</strong></span> <span class='ocrx_word' id='word_1_78' title='bbox 3505 1943 3600 2018; x_wconf 89' lang='lat' dir='ltr'><strong>ad</strong></span> <span class='ocrx_word' id='word_1_79' title='bbox 3633 1942 3842 2037; x_wconf 87' lang='lat' dir='ltr'><strong>quic-</strong></span> 
     </span>
     <span class='ocr_line' id='line_1_10' title="bbox 1511 2056 3843 2160; baseline -0.002 -21"><span class='ocrx_word' id='word_1_80' title='bbox 1511 2065 1685 2160; x_wconf 89' lang='lat' dir='ltr'><strong>quid</strong></span> <span class='ocrx_word' id='word_1_81' title='bbox 1734 2066 2043 2140; x_wconf 91' lang='lat' dir='ltr'><strong>delectat</strong></span> <span class='ocrx_word' id='word_1_82' title='bbox 2091 2064 2356 2160; x_wconf 89' lang='lat' dir='ltr'><strong>ipsum,</strong></span> <span class='ocrx_word' id='word_1_83' title='bbox 2409 2072 2584 2137; x_wconf 77' lang='lat' dir='ltr'><strong>tosto</strong></span> <span class='ocrx_word' id='word_1_84' title='bbox 2634 2066 2752 2136; x_wconf 73' lang='lat' dir='ltr'><strong>che</strong></span> <span class='ocrx_word' id='word_1_85' title='bbox 2801 2056 2841 2137; x_wconf 75' lang='grc' dir='ltr'><em>ὀ</em></span> <span class='ocrx_word' id='word_1_86' title='bbox 2893 2066 3113 2153; x_wconf 75' lang='lat' dir='ltr'><strong>desto,</strong></span> <span class='ocrx_word' id='word_1_87' title='bbox 3164 2061 3367 2157; x_wconf 88' lang='lat' dir='ltr'><strong>idest,</strong></span> <span class='ocrx_word' id='word_1_88' title='bbox 3421 2084 3646 2157; x_wconf 89' lang='lat' dir='ltr'><strong>quam</strong></span> <span class='ocrx_word' id='word_1_89' title='bbox 3701 2061 3843 2136; x_wconf 92' lang='lat' dir='ltr'><strong>cito</strong></span> 
     </span>
     <span class='ocr_line' id='line_1_11' title="bbox 1510 2184 3846 2279; baseline -0.002 -18"><span class='ocrx_word' id='word_1_90' title='bbox 1510 2187 1873 2261; x_wconf 82' lang='lat' dir='ltr'><strong>excitatur</strong></span> <span class='ocrx_word' id='word_1_91' title='bbox 1924 2193 1999 2259; x_wconf 89' lang='lat' dir='ltr'><strong>et</strong></span> <span class='ocrx_word' id='word_1_92' title='bbox 2048 2191 2416 2279; x_wconf 86' lang='lat' dir='ltr'><strong>movetur,</strong></span> <span class='ocrx_word' id='word_1_93' title='bbox 2451 2188 2578 2259; x_wconf 80' lang='lat' dir='ltr'><strong>dal</strong></span> <span class='ocrx_word' id='word_1_94' title='bbox 2599 2188 2844 2279; x_wconf 79' lang='lat' dir='ltr'><strong>piacer</strong></span> <span class='ocrx_word' id='word_1_95' title='bbox 2893 2187 3166 2275; x_wconf 79' lang='lat' dir='ltr'><strong>innato,</strong></span> <span class='ocrx_word' id='word_1_96' title='bbox 3201 2184 3408 2279; x_wconf 88' lang='lat' dir='ltr'><strong>idest,</strong></span> <span class='ocrx_word' id='word_1_97' title='bbox 3445 2184 3640 2257; x_wconf 89' lang='lat' dir='ltr'><strong>intus</strong></span> <span class='ocrx_word' id='word_1_98' title='bbox 3674 2188 3846 2257; x_wconf 88' lang='lat' dir='ltr'><strong>nata</strong></span> 
     </span>
     <span class='ocr_line' id='line_1_12' title="bbox 1510 2304 3844 2400; baseline -0.003 -18"><span class='ocrx_word' id='word_1_99' title='bbox 1510 2307 2011 2382; x_wconf 74' lang='lat' dir='ltr'><strong>delectatione.</strong></span> <span class='ocrx_word' id='word_1_100' title='bbox 2036 2304 2240 2381; x_wconf 89' lang='lat' dir='ltr'><strong>Sicut</strong></span> <span class='ocrx_word' id='word_1_101' title='bbox 2272 2326 2446 2379; x_wconf 89' lang='lat' dir='ltr'><strong>cum</strong></span> <span class='ocrx_word' id='word_1_102' title='bbox 2484 2306 2685 2381; x_wconf 87' lang='lat' dir='ltr'><strong>vides</strong></span> <span class='ocrx_word' id='word_1_103' title='bbox 2720 2304 3110 2379; x_wconf 88' lang='lat' dir='ltr'><strong>mulierem</strong></span> <span class='ocrx_word' id='word_1_104' title='bbox 3147 2304 3574 2400; x_wconf 82' lang='lat' dir='ltr'><strong>speciosam,</strong></span> <span class='ocrx_word' id='word_1_105' title='bbox 3609 2304 3844 2377; x_wconf 86' lang='lat' dir='ltr'><strong>forma</strong></span> 
     </span>
     <span class='ocr_line' id='line_1_13' title="bbox 1508 2424 3845 2521; baseline -0.002 -20"><span class='ocrx_word' id='word_1_106' title='bbox 1508 2427 1700 2503; x_wconf 91' lang='lat' dir='ltr'><strong>illius</strong></span> <span class='ocrx_word' id='word_1_107' title='bbox 1750 2428 1971 2501; x_wconf 89' lang='lat' dir='ltr'><strong>intrat</strong></span> <span class='ocrx_word' id='word_1_108' title='bbox 2019 2445 2152 2521; x_wconf 86' lang='lat' dir='ltr'><strong>per</strong></span> <span class='ocrx_word' id='word_1_109' title='bbox 2201 2425 2556 2500; x_wconf 86' lang='lat' dir='ltr'><strong>fenestras</strong></span> <span class='ocrx_word' id='word_1_110' title='bbox 2606 2426 2998 2500; x_wconf 88' lang='lat' dir='ltr'><strong>oculorum</strong></span> <span class='ocrx_word' id='word_1_111' title='bbox 3034 2424 3110 2499; x_wconf 92' lang='lat' dir='ltr'><strong>in</strong></span> <span class='ocrx_word' id='word_1_112' title='bbox 3143 2444 3520 2499; x_wconf 88' lang='lat' dir='ltr'><strong>camaram</strong></span> <span class='ocrx_word' id='word_1_113' title='bbox 3554 2424 3845 2517; x_wconf 68' lang='lat' dir='ltr'><strong>animan,</strong></span> 
     </span>
     <span class='ocr_line' id='line_1_14' title="bbox 1510 2544 3845 2640; baseline -0.003 -17"><span class='ocrx_word' id='word_1_114' title='bbox 1510 2556 1586 2624; x_wconf 93' lang='lat' dir='ltr'><strong>et</strong></span> <span class='ocrx_word' id='word_1_115' title='bbox 1618 2553 1865 2622; x_wconf 88' lang='lat' dir='ltr'><strong>movet</strong></span> <span class='ocrx_word' id='word_1_116' title='bbox 1898 2546 1993 2621; x_wconf 91' lang='lat' dir='ltr'><strong>ad</strong></span> <span class='ocrx_word' id='word_1_117' title='bbox 2026 2544 2428 2620; x_wconf 90' lang='lat' dir='ltr'><strong>amandum</strong></span> <span class='ocrx_word' id='word_1_118' title='bbox 2456 2546 2652 2620; x_wconf 90' lang='lat' dir='ltr'><strong>illam</strong></span> <span class='ocrx_word' id='word_1_119' title='bbox 2688 2545 3026 2640; x_wconf 84' lang='lat' dir='ltr'><strong>quamvis</strong></span> <span class='ocrx_word' id='word_1_120' title='bbox 3058 2544 3436 2621; x_wconf 87' lang='lat' dir='ltr'><strong>absentem</strong></span> <span class='ocrx_word' id='word_1_121' title='bbox 3472 2545 3589 2619; x_wconf 90' lang='lat' dir='ltr'><strong>vel</strong></span> <span class='ocrx_word' id='word_1_122' title='bbox 3625 2564 3845 2617; x_wconf 87' lang='lat' dir='ltr'><strong>num-</strong></span> 
     </span>
     <span class='ocr_line' id='line_1_15' title="bbox 1510 2664 3848 2765; baseline -0.003 -22"><span class='ocrx_word' id='word_1_123' title='bbox 1510 2689 1736 2765; x_wconf 88' lang='lat' dir='ltr'><strong>quam</strong></span> <span class='ocrx_word' id='word_1_124' title='bbox 1788 2666 2198 2742; x_wconf 87' lang='lat' dir='ltr'><strong>videndam.</strong></span> <span class='ocrx_word' id='word_1_125' title='bbox 2251 2666 2340 2741; x_wconf 91' lang='lat' dir='ltr'><strong>Et</strong></span> <span class='ocrx_word' id='word_1_126' title='bbox 2389 2666 2712 2741; x_wconf 86' lang='lat' dir='ltr'><strong>declarat</strong></span> <span class='ocrx_word' id='word_1_127' title='bbox 2763 2665 2962 2759; x_wconf 89' lang='lat' dir='ltr'><strong>quod</strong></span> <span class='ocrx_word' id='word_1_128' title='bbox 3016 2664 3216 2759; x_wconf 84' lang='lat' dir='ltr'><strong>dixit,</strong></span> <span class='ocrx_word' id='word_1_129' title='bbox 3270 2664 3550 2741; x_wconf 89' lang='lat' dir='ltr'><strong>dicens:</strong></span> <span class='ocrx_word' id='word_1_130' title='bbox 3605 2674 3848 2737; x_wconf 79' lang='lat' dir='ltr'><strong>vostra</strong></span> 
     </span>
     <span class='ocr_line' id='line_1_16' title="bbox 1512 2786 3845 2884; baseline -0.001 -21"><span class='ocrx_word' id='word_1_131' title='bbox 1512 2793 1935 2884; x_wconf 78' lang='lat' dir='ltr'><strong>apprensiva</strong></span> <span class='ocrx_word' id='word_1_132' title='bbox 1961 2797 2212 2881; x_wconf 67' lang='lat' dir='ltr'><strong>crayae</strong></span> <span class='ocrx_word' id='word_1_133' title='bbox 2242 2790 2654 2880; x_wconf 79' lang='lat' dir='ltr'><strong>intenzione,</strong></span> <span class='ocrx_word' id='word_1_134' title='bbox 2683 2786 2970 2880; x_wconf 89' lang='lat' dir='ltr'><strong>mentis,</strong></span> <span class='ocrx_word' id='word_1_135' title='bbox 2993 2788 3094 2859; x_wconf 87' lang='lat' dir='ltr'><strong>da</strong></span> <span class='ocrx_word' id='word_1_136' title='bbox 3119 2808 3308 2861; x_wconf 79' lang='lat' dir='ltr'><strong>esser</strong></span> <span class='ocrx_word' id='word_1_137' title='bbox 3339 2808 3612 2879; x_wconf 77' lang='lat' dir='ltr'><strong>verace,</strong></span> <span class='ocrx_word' id='word_1_138' title='bbox 3639 2786 3845 2879; x_wconf 80' lang='lat' dir='ltr'><strong>idest,</strong></span> 
     </span>
     <span class='ocr_line' id='line_1_17' title="bbox 1510 2898 3845 3002; baseline -0.002 -17"><span class='ocrx_word' id='word_1_139' title='bbox 1510 2930 1559 2985; x_wconf 90' lang='lat' dir='ltr'><strong>a</strong></span> <span class='ocrx_word' id='word_1_140' title='bbox 1592 2930 1677 2985; x_wconf 88' lang='lat' dir='ltr'><strong>re</strong></span> <span class='ocrx_word' id='word_1_141' title='bbox 1710 2929 1889 2984; x_wconf 81' lang='lat' dir='ltr'><strong>vera</strong></span> <span class='ocrx_word' id='word_1_142' title='bbox 1922 2915 2133 2983; x_wconf 83' lang='lat' dir='ltr'><strong>extra</strong></span> <span class='ocrx_word' id='word_1_143' title='bbox 2158 2908 2549 3002; x_wconf 83' lang='lat' dir='ltr'><strong>existente3</strong></span> <span class='ocrx_word' id='word_1_144' title='bbox 2577 2907 2750 3002; x_wconf 90' lang='lat' dir='ltr'><strong>quia</strong></span> <span class='ocrx_word' id='word_1_145' title='bbox 2785 2906 2956 2981; x_wconf 86' lang='lat' dir='ltr'><strong>nihil</strong></span> <span class='ocrx_word' id='word_1_146' title='bbox 2991 2912 3102 2981; x_wconf 90' lang='lat' dir='ltr'><strong>est</strong></span> <span class='ocrx_word' id='word_1_147' title='bbox 3136 2907 3505 2984; x_wconf 87' lang='lat' dir='ltr'><strong>intellectu</strong></span> <span class='ocrx_word' id='word_1_148' title='bbox 3535 2898 3612 2999; x_wconf 82' lang='lat'><strong>(²)</strong></span> <span class='ocrx_word' id='word_1_149' title='bbox 3647 2906 3845 3001; x_wconf 89' lang='lat' dir='ltr'><strong>quod</strong></span> 
     </span>
     <span class='ocr_line' id='line_1_18' title="bbox 1514 3026 3846 3125; baseline -0.001 -22"><span class='ocrx_word' id='word_1_150' title='bbox 1514 3050 1659 3105; x_wconf 93' lang='lat' dir='ltr'><strong>non</strong></span> <span class='ocrx_word' id='word_1_151' title='bbox 1711 3029 1915 3125; x_wconf 85' lang='lat' dir='ltr'><strong>prius</strong></span> <span class='ocrx_word' id='word_1_152' title='bbox 1964 3028 2185 3103; x_wconf 85' lang='lat' dir='ltr'><strong>fuerit</strong></span> <span class='ocrx_word' id='word_1_153' title='bbox 2233 3028 2308 3101; x_wconf 91' lang='lat' dir='ltr'><strong>in</strong></span> <span class='ocrx_word' id='word_1_154' title='bbox 2357 3046 2601 3122; x_wconf 89' lang='lat' dir='ltr'><strong>sensu,</strong></span> <span class='ocrx_word' id='word_1_155' title='bbox 2652 3033 2728 3103; x_wconf 90' lang='lat' dir='ltr'><strong>et</strong></span> <span class='ocrx_word' id='word_1_156' title='bbox 2777 3027 3000 3101; x_wconf 86' lang='lat' dir='ltr'><strong>intrat</strong></span> <span class='ocrx_word' id='word_1_157' title='bbox 3046 3027 3122 3102; x_wconf 89' lang='lat' dir='ltr'><strong>iu</strong></span> <span class='ocrx_word' id='word_1_158' title='bbox 3171 3026 3492 3103; x_wconf 90' lang='lat' dir='ltr'><strong>animam</strong></span> <span class='ocrx_word' id='word_1_159' title='bbox 3554 3046 3686 3122; x_wconf 88' lang='lat' dir='ltr'><strong>per</strong></span> <span class='ocrx_word' id='word_1_160' title='bbox 3737 3026 3846 3102; x_wconf 83' lang='lat' dir='ltr'><strong>vi-</strong></span> 
     </span>
     <span class='ocr_line' id='line_1_19' title="bbox 1514 3147 3848 3225; baseline -0.003 0"><span class='ocrx_word' id='word_1_161' title='bbox 1514 3172 1681 3225; x_wconf 92' lang='lat' dir='ltr'><strong>sum</strong></span> <span class='ocrx_word' id='word_1_162' title='bbox 1751 3149 1869 3224; x_wconf 84' lang='lat' dir='ltr'><strong>vel</strong></span> <span class='ocrx_word' id='word_1_163' title='bbox 1934 3148 2272 3223; x_wconf 87' lang='lat' dir='ltr'><strong>auditum</strong></span> <span class='ocrx_word' id='word_1_164' title='bbox 2340 3154 2476 3223; x_wconf 90' lang='lat' dir='ltr'><strong>etc.</strong></span> <span class='ocrx_word' id='word_1_165' title='bbox 2539 3147 2745 3223; x_wconf 93' lang='lat' dir='ltr'><strong>Unde</strong></span> <span class='ocrx_word' id='word_1_166' title='bbox 2805 3147 3014 3223; x_wconf 89' lang='lat' dir='ltr'><strong>dicit:</strong></span> <span class='ocrx_word' id='word_1_167' title='bbox 3076 3168 3116 3220; x_wconf 80' lang='lat' dir='ltr'><strong>e</strong></span> <span class='ocrx_word' id='word_1_168' title='bbox 3175 3150 3424 3221; x_wconf 74' lang='lat' dir='ltr'><strong>dener-o</strong></span> <span class='ocrx_word' id='word_1_169' title='bbox 3487 3168 3538 3219; x_wconf 85' lang='lat' dir='ltr'><strong>a</strong></span> <span class='ocrx_word' id='word_1_170' title='bbox 3597 3150 3712 3219; x_wconf 82' lang='lat' dir='ltr'><strong>voi</strong></span> <span class='ocrx_word' id='word_1_171' title='bbox 3775 3149 3848 3220; x_wconf 87' lang='lat' dir='ltr'><strong>la</strong></span> 
     </span>
     <span class='ocr_line' id='line_1_20' title="bbox 1512 3260 3844 3364; baseline -0.001 -21"><span class='ocrx_word' id='word_1_172' title='bbox 1512 3274 1779 3363; x_wconf 73' lang='lat' dir='ltr'><strong>spieya,</strong></span> <span class='ocrx_word' id='word_1_173' title='bbox 1812 3269 2106 3363; x_wconf 91' lang='lat' dir='ltr'><strong>scilicet,</strong></span> <span class='ocrx_word' id='word_1_174' title='bbox 2141 3268 2338 3343; x_wconf 91' lang='lat' dir='ltr'><strong>illam</strong></span> <span class='ocrx_word' id='word_1_175' title='bbox 2375 3288 2534 3342; x_wconf 88' lang='lat' dir='ltr'><strong>rem</strong></span> <span class='ocrx_word' id='word_1_176' title='bbox 2573 3288 2740 3362; x_wconf 85' lang='lat' dir='ltr'><strong>quae</strong></span> <span class='ocrx_word' id='word_1_177' title='bbox 2775 3268 3032 3364; x_wconf 86' lang='lat' dir='ltr'><strong>placet,</strong></span> <span class='ocrx_word' id='word_1_178' title='bbox 3065 3260 3127 3343; x_wconf 77' lang='lat' dir='ltr'><strong>si</strong></span> <span class='ocrx_word' id='word_1_179' title='bbox 3165 3270 3288 3341; x_wconf 74' lang='lat' dir='ltr'><strong>che</strong></span> <span class='ocrx_word' id='word_1_180' title='bbox 3324 3273 3484 3363; x_wconf 79' lang='lat' dir='ltr'><strong>face</strong></span> <span class='ocrx_word' id='word_1_181' title='bbox 3527 3270 3844 3359; x_wconf 83' lang='lat' dir='ltr'><strong>l’animo,</strong></span> 
     </span>
     <span class='ocr_line' id='line_1_21' title="bbox 1512 3387 3849 3486; baseline -0.001 -21"><span class='ocrx_word' id='word_1_182' title='bbox 1512 3392 1717 3486; x_wconf 88' lang='lat' dir='ltr'><strong>idest,</strong></span> <span class='ocrx_word' id='word_1_183' title='bbox 1771 3390 2248 3484; x_wconf 88' lang='lat' dir='ltr'><strong>voluntatem,</strong></span> <span class='ocrx_word' id='word_1_184' title='bbox 2301 3391 2543 3480; x_wconf 72' lang='lat' dir='ltr'><strong>volyer</strong></span> <span class='ocrx_word' id='word_1_185' title='bbox 2591 3391 2692 3463; x_wconf 84' lang='lat' dir='ltr'><strong>ad</strong></span> <span class='ocrx_word' id='word_1_186' title='bbox 2737 3410 2922 3481; x_wconf 82' lang='lat' dir='ltr'><strong>essa,</strong></span> <span class='ocrx_word' id='word_1_187' title='bbox 2971 3387 3242 3465; x_wconf 89' lang='lat' dir='ltr'><strong>scilicet</strong></span> <span class='ocrx_word' id='word_1_188' title='bbox 3293 3409 3478 3484; x_wconf 89' lang='lat' dir='ltr'><strong>rem,</strong></span> <span class='ocrx_word' id='word_1_189' title='bbox 3537 3409 3576 3462; x_wconf 84' lang='lat' dir='ltr'><strong><em>e</em></strong></span> <span class='ocrx_word' id='word_1_190' title='bbox 3622 3409 3698 3462; x_wconf 82' lang='lat' dir='ltr'><strong>se</strong></span> <span class='ocrx_word' id='word_1_191' title='bbox 3743 3390 3849 3462; x_wconf 78' lang='lat' dir='ltr'><strong>ri-</strong></span> 
     </span>
     <span class='ocr_line' id='line_1_22' title="bbox 1514 3506 3848 3606; baseline -0.002 -20"><span class='ocrx_word' id='word_1_192' title='bbox 1514 3516 1724 3604; x_wconf 82' lang='lat' dir='ltr'><strong>volco,</strong></span> <span class='ocrx_word' id='word_1_193' title='bbox 1775 3513 1927 3606; x_wconf 92' lang='lat' dir='ltr'><strong>ipse</strong></span> <span class='ocrx_word' id='word_1_194' title='bbox 1988 3510 2301 3604; x_wconf 81' lang='lat' dir='ltr'><strong>animuS,</strong></span> <span class='ocrx_word' id='word_1_195' title='bbox 2351 3511 2416 3582; x_wconf 83' lang='lat' dir='ltr'><strong>si</strong></span> <span class='ocrx_word' id='word_1_196' title='bbox 2463 3511 2676 3602; x_wconf 73' lang='lat' dir='ltr'><strong>pieqa</strong></span> <span class='ocrx_word' id='word_1_197' title='bbox 2721 3514 2797 3584; x_wconf 83' lang='lat' dir='ltr'><strong>in</strong></span> <span class='ocrx_word' id='word_1_198' title='bbox 2847 3506 2970 3584; x_wconf 61' lang='lat' dir='ltr'><strong>ver</strong></span> <span class='ocrx_word' id='word_1_199' title='bbox 3019 3512 3094 3584; x_wconf 69' lang='lat' dir='ltr'><strong>do·</strong></span> <span class='ocrx_word' id='word_1_200' title='bbox 3141 3513 3252 3602; x_wconf 81' lang='lat' dir='ltr'><strong>lei,</strong></span> <span class='ocrx_word' id='word_1_201' title='bbox 3303 3510 3596 3603; x_wconf 85' lang='lat' dir='ltr'><strong>scilicet,</strong></span> <span class='ocrx_word' id='word_1_202' title='bbox 3657 3508 3848 3582; x_wconf 88' lang='lat' dir='ltr'><strong>illius</strong></span> 
     </span>
     <span class='ocr_line' id='line_1_23' title="bbox 1514 3629 3848 3729; baseline -0.001 -23"><span class='ocrx_word' id='word_1_203' title='bbox 1514 3634 1644 3709; x_wconf 88' lang='lat' dir='ltr'><strong>rei.</strong></span> <span class='ocrx_word' id='word_1_204' title='bbox 1696 3634 1891 3729; x_wconf 82' lang='lat' dir='ltr'><strong>Ergo</strong></span> <span class='ocrx_word' id='word_1_205' title='bbox 1940 3651 2153 3706; x_wconf 89' lang='lat' dir='ltr'><strong>amor</strong></span> <span class='ocrx_word' id='word_1_206' title='bbox 2203 3641 2314 3708; x_wconf 90' lang='lat' dir='ltr'><strong>est</strong></span> <span class='ocrx_word' id='word_1_207' title='bbox 2361 3629 2728 3706; x_wconf 91' lang='lat' dir='ltr'><strong>inclinatio</strong></span> <span class='ocrx_word' id='word_1_208' title='bbox 2775 3629 3001 3704; x_wconf 91' lang='lat' dir='ltr'><strong>animi</strong></span> <span class='ocrx_word' id='word_1_209' title='bbox 3059 3630 3154 3705; x_wconf 89' lang='lat' dir='ltr'><strong>ad</strong></span> <span class='ocrx_word' id='word_1_210' title='bbox 3215 3649 3379 3705; x_wconf 90' lang='lat' dir='ltr'><strong>rem</strong></span> <span class='ocrx_word' id='word_1_211' title='bbox 3441 3630 3575 3706; x_wconf 86' lang='lat' dir='ltr'><strong>sibi</strong></span> <span class='ocrx_word' id='word_1_212' title='bbox 3626 3629 3848 3725; x_wconf 90' lang='lat' dir='ltr'><strong>placi-</strong></span> 
     </span>
     <span class='ocr_line' id='line_1_24' title="bbox 1515 3747 3846 3845; baseline -0.003 -17"><span class='ocrx_word' id='word_1_213' title='bbox 1515 3760 1667 3829; x_wconf 89' lang='lat' dir='ltr'><strong>tam</strong></span> <span class='ocrx_word' id='word_1_214' title='bbox 1719 3752 2039 3827; x_wconf 92' lang='lat' dir='ltr'><strong>oblatam</strong></span> <span class='ocrx_word' id='word_1_215' title='bbox 2087 3751 2185 3826; x_wconf 90' lang='lat' dir='ltr'><strong>ab</strong></span> <span class='ocrx_word' id='word_1_216' title='bbox 2237 3757 2484 3845; x_wconf 81' lang='lat' dir='ltr'><strong>extra3</strong></span> <span class='ocrx_word' id='word_1_217' title='bbox 2540 3749 2732 3823; x_wconf 89' lang='lat' dir='ltr'><strong>unde</strong></span> <span class='ocrx_word' id='word_1_218' title='bbox 2781 3748 2989 3824; x_wconf 88' lang='lat' dir='ltr'><strong>dicit:</strong></span> <span class='ocrx_word' id='word_1_219' title='bbox 3033 3753 3192 3842; x_wconf 76' lang='lat' dir='ltr'><strong>quel</strong></span> <span class='ocrx_word' id='word_1_220' title='bbox 3219 3753 3474 3842; x_wconf 70' lang='lat' dir='ltr'><strong>pieyar</strong></span> <span class='ocrx_word' id='word_1_221' title='bbox 3505 3747 3549 3825; x_wconf 71' lang='lat' dir='ltr'><strong>e*</strong></span> <span class='ocrx_word' id='word_1_222' title='bbox 3576 3771 3846 3841; x_wconf 85' lang='lat' dir='ltr'><strong>amore,</strong></span> 
     </span>
     <span class='ocr_line' id='line_1_25' title="bbox 1515 3869 3848 3967; baseline -0.001 -21"><span class='ocrx_word' id='word_1_223' title='bbox 1515 3875 1737 3967; x_wconf 78' lang='lat' dir='ltr'><strong>quello</strong></span> <span class='ocrx_word' id='word_1_224' title='bbox 1786 3869 1827 3946; x_wconf 71' lang='lat' dir='ltr'><strong>e*</strong></span> <span class='ocrx_word' id='word_1_225' title='bbox 1870 3879 2158 3963; x_wconf 80' lang='lat' dir='ltr'><strong>natura,</strong></span> <span class='ocrx_word' id='word_1_226' title='bbox 2201 3871 2372 3965; x_wconf 90' lang='lat' dir='ltr'><strong>quia</strong></span> <span class='ocrx_word' id='word_1_227' title='bbox 2407 3876 2642 3965; x_wconf 89' lang='lat' dir='ltr'><strong>potest</strong></span> <span class='ocrx_word' id='word_1_228' title='bbox 2673 3869 2812 3944; x_wconf 91' lang='lat' dir='ltr'><strong>dici</strong></span> <span class='ocrx_word' id='word_1_229' title='bbox 2849 3870 3185 3964; x_wconf 83' lang='lat' dir='ltr'><strong>quaedam</strong></span> <span class='ocrx_word' id='word_1_230' title='bbox 3229 3878 3495 3946; x_wconf 89' lang='lat' dir='ltr'><strong>natura</strong></span> <span class='ocrx_word' id='word_1_231' title='bbox 3529 3870 3622 3946; x_wconf 93' lang='lat' dir='ltr'><strong>de</strong></span> <span class='ocrx_word' id='word_1_232' title='bbox 3655 3889 3848 3944; x_wconf 74' lang='lat' dir='ltr'><strong>novo</strong></span> 
     </span>
     <span class='ocr_line' id='line_1_26' title="bbox 1516 3989 3848 4088; baseline -0.002 -20"><span class='ocrx_word' id='word_1_233' title='bbox 1516 3994 1867 4088; x_wconf 66' lang='lat' dir='ltr'><strong>impressa</strong></span> <span class='ocrx_word' id='word_1_234' title='bbox 1918 3991 1991 4064; x_wconf 92' lang='lat' dir='ltr'><strong>in</strong></span> <span class='ocrx_word' id='word_1_235' title='bbox 2040 3990 2309 4083; x_wconf 92' lang='lat' dir='ltr'><strong>animo,</strong></span> <span class='ocrx_word' id='word_1_236' title='bbox 2345 3992 2465 4063; x_wconf 76' lang='lat' dir='ltr'><strong>che</strong></span> <span class='ocrx_word' id='word_1_237' title='bbox 2509 3993 2586 4062; x_wconf 85' lang='lat' dir='ltr'><strong>in</strong></span> <span class='ocrx_word' id='word_1_238' title='bbox 2624 3993 2744 4063; x_wconf 83' lang='lat' dir='ltr'><strong>voi</strong></span> <span class='ocrx_word' id='word_1_239' title='bbox 2789 3993 2853 4062; x_wconf 80' lang='lat' dir='ltr'><strong>si</strong></span> <span class='ocrx_word' id='word_1_240' title='bbox 2899 3993 3083 4081; x_wconf 72' lang='lat' dir='ltr'><strong>leya,</strong></span> <span class='ocrx_word' id='word_1_241' title='bbox 3117 3989 3323 4085; x_wconf 89' lang='lat' dir='ltr'><strong>idest,</strong></span> <span class='ocrx_word' id='word_1_242' title='bbox 3363 3997 3682 4084; x_wconf 86' lang='lat' dir='ltr'><strong>creatur,</strong></span> <span class='ocrx_word' id='word_1_243' title='bbox 3719 4009 3848 4063; x_wconf 79' lang='lat' dir='ltr'><strong>con</strong></span> 
     </span>
     <span class='ocr_line' id='line_1_27' title="bbox 1510 4109 3847 4208; baseline -0.001 -23"><span class='ocrx_word' id='word_1_244' title='bbox 1510 4116 1753 4208; x_wconf 77' lang='lat' dir='ltr'><strong>piacet·</strong></span> <span class='ocrx_word' id='word_1_245' title='bbox 1801 4115 1877 4185; x_wconf 77' lang='lat' dir='ltr'><strong>di</strong></span> <span class='ocrx_word' id='word_1_246' title='bbox 1924 4113 2060 4203; x_wconf 82' lang='lat' dir='ltr'><strong>voi,</strong></span> <span class='ocrx_word' id='word_1_247' title='bbox 2112 4109 2386 4187; x_wconf 86' lang='lat' dir='ltr'><strong>virtute</strong></span> <span class='ocrx_word' id='word_1_248' title='bbox 2437 4109 2544 4184; x_wconf 88' lang='lat' dir='ltr'><strong>rei</strong></span> <span class='ocrx_word' id='word_1_249' title='bbox 2596 4109 2962 4205; x_wconf 87' lang='lat' dir='ltr'><strong>placibilis.</strong></span> <span class='ocrx_word' id='word_1_250' title='bbox 2989 4149 3090 4162; x_wconf 91' lang='lat'>-</span> <span class='ocrx_word' id='word_1_251' title='bbox 3113 4113 3266 4184; x_wconf 80' lang='lat' dir='ltr'><strong>Poi.</strong></span> <span class='ocrx_word' id='word_1_252' title='bbox 3327 4110 3458 4185; x_wconf 89' lang='lat' dir='ltr'><strong>Hic</strong></span> <span class='ocrx_word' id='word_1_253' title='bbox 3509 4109 3847 4206; x_wconf 86' lang='lat' dir='ltr'><strong>Virgilius</strong></span> 
     </span>
     <span class='ocr_line' id='line_1_28' title="bbox 1514 4229 3850 4325; baseline -0.002 -17"><span class='ocrx_word' id='word_1_254' title='bbox 1514 4233 1684 4308; x_wconf 88' lang='lat' dir='ltr'><strong>data</strong></span> <span class='ocrx_word' id='word_1_255' title='bbox 1733 4229 2155 4305; x_wconf 89' lang='lat' dir='ltr'><strong>diffinitione</strong></span> <span class='ocrx_word' id='word_1_256' title='bbox 2203 4229 2478 4304; x_wconf 87' lang='lat' dir='ltr'><strong>amoris</strong></span> <span class='ocrx_word' id='word_1_257' title='bbox 2527 4229 2838 4304; x_wconf 89' lang='lat' dir='ltr'><strong>ostendit</strong></span> <span class='ocrx_word' id='word_1_258' title='bbox 2889 4249 3018 4324; x_wconf 90' lang='lat' dir='ltr'><strong>per</strong></span> <span class='ocrx_word' id='word_1_259' title='bbox 3059 4229 3680 4325; x_wconf 88' lang='lat' dir='ltr'><strong>comparationem</strong></span> <span class='ocrx_word' id='word_1_260' title='bbox 3721 4249 3850 4304; x_wconf 88' lang='lat' dir='ltr'><strong>na·-</strong></span> 
     </span>
     <span class='ocr_line' id='line_1_29' title="bbox 1518 4349 3848 4444; baseline -0.002 -16"><span class='ocrx_word' id='word_1_261' title='bbox 1518 4355 1835 4429; x_wconf 88' lang='lat' dir='ltr'><strong>turalem</strong></span> <span class='ocrx_word' id='word_1_262' title='bbox 1872 4352 2021 4428; x_wconf 80' lang='lat' dir='ltr'><strong>vim</strong></span> <span class='ocrx_word' id='word_1_263' title='bbox 2056 4357 2133 4426; x_wconf 93' lang='lat' dir='ltr'><strong>et</strong></span> <span class='ocrx_word' id='word_1_264' title='bbox 2166 4349 2568 4426; x_wconf 89' lang='lat' dir='ltr'><strong>efficaciam</strong></span> <span class='ocrx_word' id='word_1_265' title='bbox 2603 4349 2914 4444; x_wconf 85' lang='lat' dir='ltr'><strong>amoris3</strong></span> <span class='ocrx_word' id='word_1_266' title='bbox 2943 4349 3139 4426; x_wconf 91' lang='lat' dir='ltr'><strong>unde</strong></span> <span class='ocrx_word' id='word_1_267' title='bbox 3171 4349 3375 4426; x_wconf 87' lang='lat' dir='ltr'><strong>dicit:</strong></span> <span class='ocrx_word' id='word_1_268' title='bbox 3403 4353 3529 4444; x_wconf 79' lang='lat' dir='ltr'><strong>poi</strong></span> <span class='ocrx_word' id='word_1_269' title='bbox 3559 4353 3848 4424; x_wconf 81' lang='lat' dir='ltr'><strong>l’animo</strong></span> 
     </span>
     <span class='ocr_line' id='line_1_30' title="bbox 1512 4469 3851 4568; baseline -0 -21"><span class='ocrx_word' id='word_1_270' title='bbox 1512 4495 1751 4568; x_wconf 73' lang='lat' dir='ltr'><strong>prem,</strong></span> <span class='ocrx_word' id='word_1_271' title='bbox 1801 4471 2093 4565; x_wconf 86' lang='lat' dir='ltr'><strong>scilicet,</strong></span> <span class='ocrx_word' id='word_1_272' title='bbox 2145 4469 2240 4546; x_wconf 90' lang='lat' dir='ltr'><strong>ab</strong></span> <span class='ocrx_word' id='word_1_273' title='bbox 2289 4491 2572 4566; x_wconf 88' lang='lat' dir='ltr'><strong>amore,</strong></span> <span class='ocrx_word' id='word_1_274' title='bbox 2605 4477 2811 4544; x_wconf 78' lang='lat' dir='ltr'><strong>encra</strong></span> <span class='ocrx_word' id='word_1_275' title='bbox 2857 4473 2935 4544; x_wconf 80' lang='lat' dir='ltr'><strong>in</strong></span> <span class='ocrx_word' id='word_1_276' title='bbox 2983 4473 3223 4562; x_wconf 52' lang='lat' dir='ltr'><strong>dasiro,</strong></span> <span class='ocrx_word' id='word_1_277' title='bbox 3259 4471 3464 4565; x_wconf 90' lang='lat' dir='ltr'><strong>idest,</strong></span> <span class='ocrx_word' id='word_1_278' title='bbox 3499 4470 3691 4566; x_wconf 87' lang='lat' dir='ltr'><strong>capit</strong></span> <span class='ocrx_word' id='word_1_279' title='bbox 3723 4470 3851 4546; x_wconf 89' lang='lat' dir='ltr'><strong>de-</strong></span> 
     </span>
     <span class='ocr_line' id='line_1_31' title="bbox 1516 4588 3850 4687; baseline 0 -19"><span class='ocrx_word' id='word_1_280' title='bbox 1516 4593 1867 4668; x_wconf 89' lang='lat' dir='ltr'><strong>siderium</strong></span> <span class='ocrx_word' id='word_1_281' title='bbox 1917 4592 2025 4668; x_wconf 91' lang='lat' dir='ltr'><strong>rei</strong></span> <span class='ocrx_word' id='word_1_282' title='bbox 2068 4599 2357 4686; x_wconf 83' lang='lat' dir='ltr'><strong>amatae,</strong></span> <span class='ocrx_word' id='word_1_283' title='bbox 2391 4595 2512 4666; x_wconf 75' lang='lat' dir='ltr'><strong>che</strong></span> <span class='ocrx_word' id='word_1_284' title='bbox 2559 4588 2601 4666; x_wconf 71' lang='lat' dir='ltr'><strong>e*</strong></span> <span class='ocrx_word' id='word_1_285' title='bbox 2645 4599 2831 4666; x_wconf 80' lang='lat' dir='ltr'><strong>moto</strong></span> <span class='ocrx_word' id='word_1_286' title='bbox 2871 4595 3209 4685; x_wconf 63' lang='lat' dir='ltr'><strong>spiritale,</strong></span> <span class='ocrx_word' id='word_1_287' title='bbox 3241 4591 3449 4686; x_wconf 65' lang='lat' dir='ltr'><strong>idest,</strong></span> <span class='ocrx_word' id='word_1_288' title='bbox 3484 4592 3684 4687; x_wconf 90' lang='lat' dir='ltr'><strong>quod</strong></span> <span class='ocrx_word' id='word_1_289' title='bbox 3725 4591 3850 4668; x_wconf 91' lang='lat' dir='ltr'><strong>de-</strong></span> 
     </span>
     <span class='ocr_line' id='line_1_32' title="bbox 1517 4711 3852 4809; baseline -0.001 -21"><span class='ocrx_word' id='word_1_290' title='bbox 1517 4714 1867 4790; x_wconf 88' lang='lat' dir='ltr'><strong>siderium</strong></span> <span class='ocrx_word' id='word_1_291' title='bbox 1918 4719 2027 4788; x_wconf 89' lang='lat' dir='ltr'><strong>est</strong></span> <span class='ocrx_word' id='word_1_292' title='bbox 2078 4721 2324 4787; x_wconf 91' lang='lat' dir='ltr'><strong>motus</strong></span> <span class='ocrx_word' id='word_1_293' title='bbox 2373 4711 2785 4809; x_wconf 89' lang='lat' dir='ltr'><strong>spiritualis,</strong></span> <span class='ocrx_word' id='word_1_294' title='bbox 2818 4732 2858 4784; x_wconf 80' lang='lat' dir='ltr'><strong>e</strong></span> <span class='ocrx_word' id='word_1_295' title='bbox 2890 4714 3036 4786; x_wconf 82' lang='lat' dir='ltr'><strong>mai</strong></span> <span class='ocrx_word' id='word_1_296' title='bbox 3065 4733 3212 4786; x_wconf 81' lang='lat' dir='ltr'><strong>non</strong></span> <span class='ocrx_word' id='word_1_297' title='bbox 3244 4733 3430 4804; x_wconf 75' lang='lat' dir='ltr'><strong>posa</strong></span> <span class='ocrx_word' id='word_1_298' title='bbox 3471 4715 3576 4804; x_wconf 81' lang='lat' dir='ltr'><strong>fin</strong></span> <span class='ocrx_word' id='word_1_299' title='bbox 3624 4713 3752 4785; x_wconf 73' lang='lat' dir='ltr'><strong>che</strong></span> <span class='ocrx_word' id='word_1_300' title='bbox 3781 4715 3852 4786; x_wconf 83' lang='lat' dir='ltr'><strong>la</strong></span> 
     </span>
     <span class='ocr_line' id='line_1_33' title="bbox 1517 4828 3851 4930; baseline 0 -21"><span class='ocrx_word' id='word_1_301' title='bbox 1517 4855 1685 4909; x_wconf 79' lang='lat' dir='ltr'><strong>cosa</strong></span> <span class='ocrx_word' id='word_1_302' title='bbox 1734 4841 1975 4907; x_wconf 80' lang='lat' dir='ltr'><strong>amata</strong></span> <span class='ocrx_word' id='word_1_303' title='bbox 2020 4837 2077 4908; x_wconf 75' lang='lat' dir='ltr'><strong>il</strong></span> <span class='ocrx_word' id='word_1_304' title='bbox 2115 4838 2200 4928; x_wconf 79' lang='lat' dir='ltr'><strong>fa</strong></span> <span class='ocrx_word' id='word_1_305' title='bbox 2247 4836 2498 4924; x_wconf 72' lang='lat' dir='ltr'><strong>yioire,</strong></span> <span class='ocrx_word' id='word_1_306' title='bbox 2531 4831 2737 4926; x_wconf 88' lang='lat' dir='ltr'><strong>idest,</strong></span> <span class='ocrx_word' id='word_1_307' title='bbox 2771 4828 3006 4908; x_wconf 86' lang='lat' dir='ltr'><strong>donec</strong></span> <span class='ocrx_word' id='word_1_308' title='bbox 3055 4832 3245 4927; x_wconf 89' lang='lat' dir='ltr'><strong>capit</strong></span> <span class='ocrx_word' id='word_1_309' title='bbox 3287 4833 3612 4908; x_wconf 75' lang='lat' dir='ltr'><strong>fructum</strong></span> <span class='ocrx_word' id='word_1_310' title='bbox 3647 4841 3851 4930; x_wconf 83' lang='lat' dir='ltr'><strong>opta-</strong></span> 
     </span>
    </p>
   </div>
   <div class='ocr_carea' id='block_1_3' title="bbox 1646 5090 3273 5158">
    <p class='ocr_par' dir='ltr' id='par_1_3' title="bbox 1646 5090 3273 5158">
     <span class='ocr_line' id='line_1_34' title="bbox 1646 5090 3273 5158; baseline -0.001 -13"><span class='ocrx_word' id='word_1_311' title='bbox 1646 5095 1699 5158; x_wconf 87' lang='lat'><strong>(¹)</strong></span> <span class='ocrx_word' id='word_1_312' title='bbox 1730 5093 1793 5144; x_wconf 87' lang='lat' dir='ltr'><strong>E.</strong></span> <span class='ocrx_word' id='word_1_313' title='bbox 1824 5093 2085 5146; x_wconf 71' lang='lat' dir='ltr'><strong>ductores.</strong></span> <span class='ocrx_word' id='word_1_314' title='bbox 2580 5090 2637 5156; x_wconf 72' lang='lat'><strong>(³)</strong></span> <span class='ocrx_word' id='word_1_315' title='bbox 2667 5093 2730 5144; x_wconf 75' lang='lat' dir='ltr'><strong>E.</strong></span> <span class='ocrx_word' id='word_1_316' title='bbox 2755 5105 2788 5144; x_wconf 77' lang='grc' dir='ltr'><strong>ο</strong></span> <span class='ocrx_word' id='word_1_317' title='bbox 2817 5092 2869 5144; x_wconf 83' lang='lat' dir='ltr'><strong>S.</strong></span> <span class='ocrx_word' id='word_1_318' title='bbox 2899 5093 2953 5144; x_wconf 86' lang='lat' dir='ltr'><strong>iu</strong></span> <span class='ocrx_word' id='word_1_319' title='bbox 2984 5093 3273 5146; x_wconf 77' lang='lat' dir='ltr'><strong>intellectu.</strong></span> 
     </span>
    </p>
   </div>
  </div>
 </body>
</html>
