<?xml version="1.0" encoding="UTF-8"?>
<!DOCTYPE html PUBLIC "-//W3C//DTD XHTML 1.0 Transitional//EN"
    "http://www.w3.org/TR/xhtml1/DTD/xhtml1-transitional.dtd">
<html xmlns="http://www.w3.org/1999/xhtml" xml:lang="en" lang="en">
 <head>
  <title>
</title>
<meta http-equiv="Content-Type" content="text/html;charset=utf-8" />
  <meta name='ocr-system' content='tesseract 3.04.00' />
  <meta name='ocr-capabilities' content='ocr_page ocr_carea ocr_par ocr_line ocrx_word'/>
</head>
<body>
  <div class='ocr_page' id='page_1' title='image "./comentumsuperda02unkngoog_0040.png"; bbox 0 0 4392 6850; ppageno 0'>
   <div class='ocr_carea' id='block_1_1' title="bbox 1434 916 3051 982">
    <p class='ocr_par' dir='ltr' id='par_1_1' title="bbox 1434 916 3051 982">
     <span class='ocr_line' id='line_1_1' title="bbox 1434 916 3051 982; baseline -0.005 0"><span class='ocrx_word' id='word_1_1' title='bbox 1434 916 1530 982; x_wconf 76' lang='lat'><strong>28</strong></span> <span class='ocrx_word' id='word_1_2' title='bbox 2149 921 2557 976; x_wconf 71' lang='lat' dir='ltr'><strong>com-:mun</strong></span> <span class='ocrx_word' id='word_1_3' title='bbox 2605 922 3051 976; x_wconf 71' lang='lat' dir='ltr'><strong>runeuonu</strong></span> 
     </span>
    </p>
   </div>
   <div class='ocr_carea' id='block_1_2' title="bbox 1423 1070 3781 4899">
    <p class='ocr_par' dir='ltr' id='par_1_2' title="bbox 1423 1070 3781 4899">
     <span class='ocr_line' id='line_1_2' title="bbox 1429 1070 3771 1167; baseline -0.002 -16"><span class='ocrx_word' id='word_1_4' title='bbox 1429 1077 1618 1152; x_wconf 88' lang='lat' dir='ltr'><strong>sicut</strong></span> <span class='ocrx_word' id='word_1_5' title='bbox 1666 1075 1942 1150; x_wconf 90' lang='lat' dir='ltr'><strong>dictum</strong></span> <span class='ocrx_word' id='word_1_6' title='bbox 1995 1079 2106 1147; x_wconf 92' lang='lat' dir='ltr'><strong>est</strong></span> <span class='ocrx_word' id='word_1_7' title='bbox 2152 1071 2369 1167; x_wconf 89' lang='lat' dir='ltr'><strong>plene</strong></span> <span class='ocrx_word' id='word_1_8' title='bbox 2417 1070 2741 1146; x_wconf 90' lang='lat' dir='ltr'><strong>secundo</strong></span> <span class='ocrx_word' id='word_1_9' title='bbox 2804 1071 3123 1166; x_wconf 89' lang='lat' dir='ltr'><strong>capitulo</strong></span> <span class='ocrx_word' id='word_1_10' title='bbox 3185 1072 3473 1147; x_wconf 81' lang='lat' dir='ltr'><strong>Inferni.</strong></span> <span class='ocrx_word' id='word_1_11' title='bbox 3502 1113 3603 1128; x_wconf 86' lang='lat'><strong>--</strong></span> <span class='ocrx_word' id='word_1_12' title='bbox 3626 1078 3771 1148; x_wconf 72' lang='lat' dir='ltr'><strong>Ma.</strong></span> 
     </span>
     <span class='ocr_line' id='line_1_3' title="bbox 1428 1191 3771 1292; baseline -0.001 -22"><span class='ocrx_word' id='word_1_13' title='bbox 1428 1197 1557 1272; x_wconf 91' lang='lat' dir='ltr'><strong>Hic</strong></span> <span class='ocrx_word' id='word_1_14' title='bbox 1607 1193 1948 1292; x_wconf 78' lang='lat' dir='ltr'><strong>Virgilius</strong></span> <span class='ocrx_word' id='word_1_15' title='bbox 1998 1192 2388 1287; x_wconf 82' lang='lat' dir='ltr'>respondet</span> <span class='ocrx_word' id='word_1_16' title='bbox 2428 1191 2685 1287; x_wconf 82' lang='lat' dir='ltr'><strong>primae</strong></span> <span class='ocrx_word' id='word_1_17' title='bbox 2736 1191 3063 1286; x_wconf 86' lang='lat' dir='ltr'><strong>petitioni</strong></span> <span class='ocrx_word' id='word_1_18' title='bbox 3104 1192 3419 1288; x_wconf 87' lang='lat' dir='ltr'><strong>Catonis,</strong></span> <span class='ocrx_word' id='word_1_19' title='bbox 3456 1201 3530 1268; x_wconf 92' lang='lat' dir='ltr'><strong>et</strong></span> <span class='ocrx_word' id='word_1_20' title='bbox 3578 1193 3771 1289; x_wconf 81' lang='lat' dir='ltr'><strong>dicit,</strong></span> 
     </span>
     <span class='ocr_line' id='line_1_4' title="bbox 1427 1313 3770 1411; baseline -0.001 -21"><span class='ocrx_word' id='word_1_21' title='bbox 1427 1317 1554 1411; x_wconf 89' lang='lat' dir='ltr'><strong>qui</strong></span> <span class='ocrx_word' id='word_1_22' title='bbox 1605 1321 1776 1390; x_wconf 87' lang='lat' dir='ltr'><strong>sunt</strong></span> <span class='ocrx_word' id='word_1_23' title='bbox 1826 1313 1952 1408; x_wconf 90' lang='lat' dir='ltr'><strong>qui</strong></span> <span class='ocrx_word' id='word_1_24' title='bbox 2002 1318 2373 1387; x_wconf 87' lang='lat' dir='ltr'><strong>venerunt</strong></span> <span class='ocrx_word' id='word_1_25' title='bbox 2422 1317 2681 1385; x_wconf 87' lang='lat' dir='ltr'><strong>contra</strong></span> <span class='ocrx_word' id='word_1_26' title='bbox 2730 1331 3011 1386; x_wconf 79' lang='lat' dir='ltr'><strong>caeeum</strong></span> <span class='ocrx_word' id='word_1_27' title='bbox 3056 1313 3373 1387; x_wconf 82' lang='lat' dir='ltr'><strong>flumen:</strong></span> <span class='ocrx_word' id='word_1_28' title='bbox 3409 1320 3487 1388; x_wconf 89' lang='lat' dir='ltr'><strong>et</strong></span> <span class='ocrx_word' id='word_1_29' title='bbox 3532 1313 3770 1408; x_wconf 88' lang='lat' dir='ltr'><strong>primo</strong></span> 
     </span>
     <span class='ocr_line' id='line_1_5' title="bbox 1425 1431 3777 1531; baseline -0.002 -19"><span class='ocrx_word' id='word_1_30' title='bbox 1425 1437 1518 1512; x_wconf 86' lang='lat' dir='ltr'><strong>ad</strong></span> <span class='ocrx_word' id='word_1_31' title='bbox 1571 1434 2001 1531; x_wconf 79' lang='lat' dir='ltr'><strong>captandam</strong></span> <span class='ocrx_word' id='word_1_32' title='bbox 2057 1431 2644 1508; x_wconf 81' lang='lat' dir='ltr'><strong>benevolentiam</strong></span> <span class='ocrx_word' id='word_1_33' title='bbox 2696 1432 3071 1526; x_wconf 85' lang='lat' dir='ltr'><strong>praemittit</strong></span> <span class='ocrx_word' id='word_1_34' title='bbox 3103 1432 3302 1527; x_wconf 91' lang='lat' dir='ltr'><strong>quod</strong></span> <span class='ocrx_word' id='word_1_35' title='bbox 3340 1453 3488 1506; x_wconf 91' lang='lat' dir='ltr'><strong>non</strong></span> <span class='ocrx_word' id='word_1_36' title='bbox 3540 1439 3777 1530; x_wconf 72' lang='lat' dir='ltr'><strong>potoet</strong></span> 
     </span>
     <span class='ocr_line' id='line_1_6' title="bbox 1429 1551 3777 1652; baseline -0.001 -22"><span class='ocrx_word' id='word_1_37' title='bbox 1429 1575 1704 1652; x_wconf 87' lang='lat' dir='ltr'><strong>negare</strong></span> <span class='ocrx_word' id='word_1_38' title='bbox 1756 1554 1955 1649; x_wconf 90' lang='lat' dir='ltr'><strong>quod</strong></span> <span class='ocrx_word' id='word_1_39' title='bbox 2004 1554 2126 1628; x_wconf 90' lang='lat' dir='ltr'><strong>ille</strong></span> <span class='ocrx_word' id='word_1_40' title='bbox 2175 1551 2375 1647; x_wconf 87' lang='lat' dir='ltr'><strong>petit.</strong></span> <span class='ocrx_word' id='word_1_41' title='bbox 2429 1551 2697 1626; x_wconf 86' lang='lat' dir='ltr'><strong>Ordina</strong></span> <span class='ocrx_word' id='word_1_42' title='bbox 2738 1551 2841 1626; x_wconf 92' lang='lat' dir='ltr'><strong>sic</strong></span> <span class='ocrx_word' id='word_1_43' title='bbox 2876 1551 3191 1646; x_wconf 85' lang='lat' dir='ltr'><strong>literam,</strong></span> <span class='ocrx_word' id='word_1_44' title='bbox 3226 1569 3352 1626; x_wconf 80' lang='lat' dir='ltr'><strong>ma</strong></span> <span class='ocrx_word' id='word_1_45' title='bbox 3396 1575 3584 1626; x_wconf 81' lang='lat' dir='ltr'><strong>esser</strong></span> <span class='ocrx_word' id='word_1_46' title='bbox 3632 1575 3777 1627; x_wconf 79' lang='lat' dir='ltr'><strong>non</strong></span> 
     </span>
     <span class='ocr_line' id='line_1_7' title="bbox 1423 1673 3775 1770; baseline 0 -21"><span class='ocrx_word' id='word_1_47' title='bbox 1423 1685 1608 1770; x_wconf 71' lang='lat' dir='ltr'><strong>pote,</strong></span> <span class='ocrx_word' id='word_1_48' title='bbox 1661 1675 1834 1770; x_wconf 89' lang='lat' dir='ltr'><strong>quia</strong></span> <span class='ocrx_word' id='word_1_49' title='bbox 1885 1674 2100 1749; x_wconf 88' lang='lat' dir='ltr'><strong>video</strong></span> <span class='ocrx_word' id='word_1_50' title='bbox 2160 1673 2360 1767; x_wconf 91' lang='lat' dir='ltr'><strong>quod</strong></span> <span class='ocrx_word' id='word_1_51' title='bbox 2418 1695 2499 1748; x_wconf 93' lang='lat' dir='ltr'><strong>es</strong></span> <span class='ocrx_word' id='word_1_52' title='bbox 2559 1692 2849 1768; x_wconf 84' lang='lat' dir='ltr'><strong>magnae</strong></span> <span class='ocrx_word' id='word_1_53' title='bbox 2912 1673 3324 1748; x_wconf 79' lang='lat' dir='ltr'><strong>autoritatis</strong></span> <span class='ocrx_word' id='word_1_54' title='bbox 3382 1681 3457 1750; x_wconf 90' lang='lat' dir='ltr'><strong>et</strong></span> <span class='ocrx_word' id='word_1_55' title='bbox 3512 1675 3775 1770; x_wconf 84' lang='lat' dir='ltr'><strong>amplae</strong></span> 
     </span>
     <span class='ocr_line' id='line_1_8' title="bbox 1429 1793 3775 1892; baseline 0 -23"><span class='ocrx_word' id='word_1_56' title='bbox 1429 1795 1823 1892; x_wconf 84' lang='lat' dir='ltr'><strong>potestatiS,</strong></span> <span class='ocrx_word' id='word_1_57' title='bbox 1874 1797 1994 1868; x_wconf 73' lang='lat' dir='ltr'><strong>che</strong></span> <span class='ocrx_word' id='word_1_58' title='bbox 2041 1798 2098 1868; x_wconf 85' lang='lat' dir='ltr'><strong>il</strong></span> <span class='ocrx_word' id='word_1_59' title='bbox 2141 1797 2311 1886; x_wconf 80' lang='lat' dir='ltr'><strong>mie,</strong></span> <span class='ocrx_word' id='word_1_60' title='bbox 2362 1795 2619 1889; x_wconf 84' lang='lat' dir='ltr'><strong>supple</strong></span> <span class='ocrx_word' id='word_1_61' title='bbox 2666 1793 2879 1889; x_wconf 89' lang='lat' dir='ltr'><strong>velle,</strong></span> <span class='ocrx_word' id='word_1_62' title='bbox 2930 1796 2995 1866; x_wconf 81' lang='lat' dir='ltr'><strong>si</strong></span> <span class='ocrx_word' id='word_1_63' title='bbox 3040 1796 3245 1886; x_wconf 66' lang='lat' dir='ltr'><strong>nephi</strong></span> <span class='ocrx_word' id='word_1_64' title='bbox 3291 1815 3341 1867; x_wconf 87' lang='lat' dir='ltr'><strong>a</strong></span> <span class='ocrx_word' id='word_1_65' title='bbox 3390 1803 3452 1868; x_wconf 82' lang='lat' dir='ltr'><strong>te</strong></span> <span class='ocrx_word' id='word_1_66' title='bbox 3510 1798 3607 1868; x_wconf 84' lang='lat' dir='ltr'><strong>da</strong></span> <span class='ocrx_word' id='word_1_67' title='bbox 3656 1798 3775 1870; x_wconf 80' lang='lat' dir='ltr'><strong>cloe</strong></span> 
     </span>
     <span class='ocr_line' id='line_1_9' title="bbox 1429 1911 3773 2010; baseline 0.001 -20"><span class='ocrx_word' id='word_1_68' title='bbox 1429 1913 1470 1990; x_wconf 73' lang='lat' dir='ltr'><strong>e*</strong></span> <span class='ocrx_word' id='word_1_69' title='bbox 1515 1924 1632 1990; x_wconf 77' lang='lat' dir='ltr'><strong>cuo</strong></span> <span class='ocrx_word' id='word_1_70' title='bbox 1684 1919 1877 1990; x_wconf 85' lang='lat' dir='ltr'><strong>voler</strong></span> <span class='ocrx_word' id='word_1_71' title='bbox 1937 1919 2060 1990; x_wconf 80' lang='lat' dir='ltr'><strong>che</strong></span> <span class='ocrx_word' id='word_1_72' title='bbox 2105 1911 2233 2009; x_wconf 69' lang='lat' dir='ltr'><strong>pife</strong></span> <span class='ocrx_word' id='word_1_73' title='bbox 2304 1917 2369 1987; x_wconf 83' lang='lat' dir='ltr'><strong>si</strong></span> <span class='ocrx_word' id='word_1_74' title='bbox 2426 1916 2715 2007; x_wconf 73' lang='lat' dir='ltr'><strong>spieqhi,</strong></span> <span class='ocrx_word' id='word_1_75' title='bbox 2774 1913 2979 2007; x_wconf 86' lang='lat' dir='ltr'><strong>idest,</strong></span> <span class='ocrx_word' id='word_1_76' title='bbox 3042 1914 3205 2009; x_wconf 90' lang='lat' dir='ltr'><strong>plus</strong></span> <span class='ocrx_word' id='word_1_77' title='bbox 3266 1915 3643 2010; x_wconf 89' lang='lat' dir='ltr'><strong>aperiatur</strong></span> <span class='ocrx_word' id='word_1_78' title='bbox 3700 1923 3773 1992; x_wconf 88' lang='lat' dir='ltr'><strong>et</strong></span> 
     </span>
     <span class='ocr_line' id='line_1_10' title="bbox 1429 2031 3773 2142; baseline -0 -32"><span class='ocrx_word' id='word_1_79' title='bbox 1429 2036 1958 2130; x_wconf 90' lang='lat' dir='ltr'><strong>manifestetur,</strong></span> <span class='ocrx_word' id='word_1_80' title='bbox 2011 2039 2086 2108; x_wconf 80' lang='lat' dir='ltr'><strong>di</strong></span> <span class='ocrx_word' id='word_1_81' title='bbox 2132 2043 2379 2108; x_wconf 79' lang='lat' dir='ltr'><strong>nostra</strong></span> <span class='ocrx_word' id='word_1_82' title='bbox 2430 2037 2827 2126; x_wconf 81' lang='lat' dir='ltr'><strong>condizion,</strong></span> <span class='ocrx_word' id='word_1_83' title='bbox 2878 2036 3053 2106; x_wconf 87' lang='lat' dir='ltr'><strong>com’</strong></span> <span class='ocrx_word' id='word_1_84' title='bbox 3078 2037 3215 2106; x_wconf 82' lang='lat' dir='ltr'><strong>ella</strong></span> <span class='ocrx_word' id='word_1_85' title='bbox 3262 2031 3305 2108; x_wconf 70' lang='lat' dir='ltr'><strong>e*</strong></span> <span class='ocrx_word' id='word_1_86' title='bbox 3351 2055 3549 2142; x_wconf 64' lang='lat' dir='ltr'><strong>vera,</strong></span> <span class='ocrx_word' id='word_1_87' title='bbox 3601 2035 3773 2130; x_wconf 89' lang='lat' dir='ltr'><strong>quia</strong></span> 
     </span>
     <span class='ocr_line' id='line_1_11' title="bbox 1427 2154 3771 2251; baseline 0 -22"><span class='ocrx_word' id='word_1_88' title='bbox 1427 2176 1574 2231; x_wconf 92' lang='lat' dir='ltr'><strong>non</strong></span> <span class='ocrx_word' id='word_1_89' title='bbox 1625 2157 1965 2231; x_wconf 89' lang='lat' dir='ltr'><strong>venimus</strong></span> <span class='ocrx_word' id='word_1_90' title='bbox 2020 2163 2398 2250; x_wconf 89' lang='lat' dir='ltr'><strong>tamquam</strong></span> <span class='ocrx_word' id='word_1_91' title='bbox 2453 2155 2645 2230; x_wconf 89' lang='lat' dir='ltr'><strong>servi</strong></span> <span class='ocrx_word' id='word_1_92' title='bbox 2699 2154 2980 2251; x_wconf 83' lang='lat' dir='ltr'><strong>fugitivi</strong></span> <span class='ocrx_word' id='word_1_93' title='bbox 3034 2160 3292 2230; x_wconf 86' lang='lat' dir='ltr'><strong>contra</strong></span> <span class='ocrx_word' id='word_1_94' title='bbox 3348 2155 3771 2230; x_wconf 86' lang='lat' dir='ltr'><strong>mandatum</strong></span> 
     </span>
     <span class='ocr_line' id='line_1_12' title="bbox 1425 2275 3772 2372; baseline -0.001 -20"><span class='ocrx_word' id='word_1_95' title='bbox 1425 2275 1739 2371; x_wconf 86' lang='lat' dir='ltr'><strong>Domini,</strong></span> <span class='ocrx_word' id='word_1_96' title='bbox 1782 2275 2014 2351; x_wconf 82' lang='lat' dir='ltr'><strong>fracto</strong></span> <span class='ocrx_word' id='word_1_97' title='bbox 2057 2297 2381 2371; x_wconf 73' lang='lat' dir='ltr'><strong>earcere,</strong></span> <span class='ocrx_word' id='word_1_98' title='bbox 2434 2296 2571 2350; x_wconf 87' lang='lat' dir='ltr'><strong>nec</strong></span> <span class='ocrx_word' id='word_1_99' title='bbox 2622 2297 2884 2348; x_wconf 91' lang='lat' dir='ltr'><strong>sumus</strong></span> <span class='ocrx_word' id='word_1_100' title='bbox 2924 2275 3248 2351; x_wconf 86' lang='lat' dir='ltr'><strong>damnati</strong></span> <span class='ocrx_word' id='word_1_101' title='bbox 3292 2296 3423 2371; x_wconf 88' lang='lat' dir='ltr'><strong>per</strong></span> <span class='ocrx_word' id='word_1_102' title='bbox 3448 2277 3772 2372; x_wconf 88' lang='lat' dir='ltr'><strong>judicem</strong></span> 
     </span>
     <span class='ocr_line' id='line_1_13' title="bbox 1427 2394 3773 2490; baseline 0 -20"><span class='ocrx_word' id='word_1_103' title='bbox 1427 2396 1896 2490; x_wconf 83' lang='lat' dir='ltr'><strong>infernalem3</strong></span> <span class='ocrx_word' id='word_1_104' title='bbox 1949 2395 2150 2470; x_wconf 90' lang='lat' dir='ltr'><strong>unde</strong></span> <span class='ocrx_word' id='word_1_105' title='bbox 2189 2395 2397 2469; x_wconf 90' lang='lat' dir='ltr'><strong>dicit:</strong></span> <span class='ocrx_word' id='word_1_106' title='bbox 2452 2399 2696 2487; x_wconf 78' lang='lat' dir='ltr'><strong>questi,</strong></span> <span class='ocrx_word' id='word_1_107' title='bbox 2728 2394 3000 2470; x_wconf 90' lang='lat' dir='ltr'><strong>scilicet</strong></span> <span class='ocrx_word' id='word_1_108' title='bbox 3036 2396 3304 2473; x_wconf 88' lang='lat' dir='ltr'><strong>Dantes</strong></span> <span class='ocrx_word' id='word_1_109' title='bbox 3340 2397 3773 2472; x_wconf 89' lang='lat' dir='ltr'><strong>constitutus</strong></span> 
     </span>
     <span class='ocr_line' id='line_1_14' title="bbox 1428 2516 3771 2611; baseline 0 -20"><span class='ocrx_word' id='word_1_110' title='bbox 1428 2537 1680 2591; x_wconf 86' lang='lat' dir='ltr'><strong>coram</strong></span> <span class='ocrx_word' id='word_1_111' title='bbox 1733 2517 2120 2611; x_wconf 83' lang='lat' dir='ltr'><strong>praesentia</strong></span> <span class='ocrx_word' id='word_1_112' title='bbox 2173 2523 2325 2610; x_wconf 90' lang='lat' dir='ltr'><strong>tua,</strong></span> <span class='ocrx_word' id='word_1_113' title='bbox 2378 2537 2523 2588; x_wconf 76' lang='lat' dir='ltr'><strong>non</strong></span> <span class='ocrx_word' id='word_1_114' title='bbox 2573 2517 2727 2589; x_wconf 81' lang='lat' dir='ltr'><strong>vide</strong></span> <span class='ocrx_word' id='word_1_115' title='bbox 2776 2518 2922 2588; x_wconf 81' lang='lat' dir='ltr'><strong>mai</strong></span> <span class='ocrx_word' id='word_1_116' title='bbox 2969 2519 3015 2589; x_wconf 70' lang='grc' dir='ltr'><em>ἴ</em></span> <span class='ocrx_word' id='word_1_117' title='bbox 3040 2519 3283 2588; x_wconf 81' lang='lat' dir='ltr'><strong>ultima</strong></span> <span class='ocrx_word' id='word_1_118' title='bbox 3329 2537 3521 2607; x_wconf 79' lang='lat' dir='ltr'><strong>sera,</strong></span> <span class='ocrx_word' id='word_1_119' title='bbox 3572 2516 3771 2611; x_wconf 65' lang='lat' dir='ltr'><strong>idest,</strong></span> 
     </span>
     <span class='ocr_line' id='line_1_15' title="bbox 1429 2635 3775 2730; baseline -0 -18"><span class='ocrx_word' id='word_1_120' title='bbox 1429 2643 1773 2730; x_wconf 90' lang='lat' dir='ltr'><strong>mortem,</strong></span> <span class='ocrx_word' id='word_1_121' title='bbox 1821 2635 1963 2710; x_wconf 87' lang='lat' dir='ltr'><strong>sed</strong></span> <span class='ocrx_word' id='word_1_122' title='bbox 2032 2635 2285 2710; x_wconf 85' lang='lat' dir='ltr'><strong>vivens</strong></span> <span class='ocrx_word' id='word_1_123' title='bbox 2348 2635 2590 2709; x_wconf 91' lang='lat' dir='ltr'><strong>adhuc</strong></span> <span class='ocrx_word' id='word_1_124' title='bbox 2656 2635 2989 2711; x_wconf 88' lang='lat' dir='ltr'><strong>transivit</strong></span> <span class='ocrx_word' id='word_1_125' title='bbox 3054 2656 3186 2730; x_wconf 89' lang='lat' dir='ltr'><strong>per</strong></span> <span class='ocrx_word' id='word_1_126' title='bbox 3250 2635 3616 2711; x_wconf 84' lang='lat' dir='ltr'><strong>infernum</strong></span> <span class='ocrx_word' id='word_1_127' title='bbox 3682 2636 3775 2711; x_wconf 89' lang='lat' dir='ltr'><strong>ad</strong></span> 
     </span>
     <span class='ocr_line' id='line_1_16' title="bbox 1431 2754 3773 2849; baseline 0 -18"><span class='ocrx_word' id='word_1_128' title='bbox 1431 2755 1845 2832; x_wconf 88' lang='lat' dir='ltr'><strong>evitandam</strong></span> <span class='ocrx_word' id='word_1_129' title='bbox 1901 2761 2219 2830; x_wconf 88' lang='lat' dir='ltr'><strong>mortem</strong></span> <span class='ocrx_word' id='word_1_130' title='bbox 2274 2762 2649 2830; x_wconf 77' lang='lat' dir='ltr'><strong>aeternam.</strong></span> <span class='ocrx_word' id='word_1_131' title='bbox 2690 2755 2777 2827; x_wconf 90' lang='lat' dir='ltr'><strong>Et</strong></span> <span class='ocrx_word' id='word_1_132' title='bbox 2809 2754 2927 2829; x_wconf 88' lang='lat' dir='ltr'><strong>hic</strong></span> <span class='ocrx_word' id='word_1_133' title='bbox 2963 2762 3133 2831; x_wconf 87' lang='lat' dir='ltr'><strong>nota</strong></span> <span class='ocrx_word' id='word_1_134' title='bbox 3175 2755 3371 2849; x_wconf 89' lang='lat' dir='ltr'><strong>quod</strong></span> <span class='ocrx_word' id='word_1_135' title='bbox 3424 2757 3773 2832; x_wconf 83' lang='lat' dir='ltr'><strong>catholice</strong></span> 
     </span>
     <span class='ocr_line' id='line_1_17' title="bbox 1429 2874 3769 2972; baseline -0.001 -20"><span class='ocrx_word' id='word_1_136' title='bbox 1429 2875 1797 2972; x_wconf 89' lang='lat' dir='ltr'><strong>loquendo</strong></span> <span class='ocrx_word' id='word_1_137' title='bbox 1863 2877 2198 2951; x_wconf 88' lang='lat' dir='ltr'><strong>homines</strong></span> <span class='ocrx_word' id='word_1_138' title='bbox 2266 2875 2649 2970; x_wconf 86' lang='lat' dir='ltr'><strong>dupliciter</strong></span> <span class='ocrx_word' id='word_1_139' title='bbox 2714 2874 3162 2950; x_wconf 89' lang='lat' dir='ltr'><strong>descendunt</strong></span> <span class='ocrx_word' id='word_1_140' title='bbox 3228 2876 3303 2949; x_wconf 93' lang='lat' dir='ltr'><strong>in</strong></span> <span class='ocrx_word' id='word_1_141' title='bbox 3363 2876 3769 2952; x_wconf 86' lang='lat' dir='ltr'><strong>infernum:</strong></span> 
     </span>
     <span class='ocr_line' id='line_1_18' title="bbox 1426 2995 3775 3092; baseline 0.001 -22"><span class='ocrx_word' id='word_1_142' title='bbox 1426 2997 1724 3092; x_wconf 90' lang='lat' dir='ltr'><strong>quidam</strong></span> <span class='ocrx_word' id='word_1_143' title='bbox 1777 2997 1974 3071; x_wconf 90' lang='lat' dir='ltr'><strong>enim</strong></span> <span class='ocrx_word' id='word_1_144' title='bbox 2025 3003 2334 3092; x_wconf 89' lang='lat' dir='ltr'><strong>peccant</strong></span> <span class='ocrx_word' id='word_1_145' title='bbox 2368 2995 2795 3090; x_wconf 88' lang='lat' dir='ltr'><strong>mortaliter,</strong></span> <span class='ocrx_word' id='word_1_146' title='bbox 2833 3003 2907 3070; x_wconf 89' lang='lat' dir='ltr'><strong>et</strong></span> <span class='ocrx_word' id='word_1_147' title='bbox 2944 2995 3483 3090; x_wconf 87' lang='lat' dir='ltr'><strong>impoenitentes</strong></span> <span class='ocrx_word' id='word_1_148' title='bbox 3524 3004 3599 3073; x_wconf 90' lang='lat' dir='ltr'><strong>et</strong></span> <span class='ocrx_word' id='word_1_149' title='bbox 3640 2997 3775 3072; x_wconf 84' lang='lat' dir='ltr'><strong>oh-</strong></span> 
     </span>
     <span class='ocr_line' id='line_1_19' title="bbox 1427 3117 3771 3212; baseline 0 -20"><span class='ocrx_word' id='word_1_150' title='bbox 1427 3119 1668 3192; x_wconf 90' lang='lat' dir='ltr'><strong>stinati</strong></span> <span class='ocrx_word' id='word_1_151' title='bbox 1699 3117 2144 3211; x_wconf 89' lang='lat' dir='ltr'><strong>moriuntur,</strong></span> <span class='ocrx_word' id='word_1_152' title='bbox 2180 3123 2253 3192; x_wconf 89' lang='lat' dir='ltr'><strong>et</strong></span> <span class='ocrx_word' id='word_1_153' title='bbox 2290 3117 2471 3192; x_wconf 73' lang='lat' dir='ltr'><strong>tales</strong></span> <span class='ocrx_word' id='word_1_154' title='bbox 2505 3137 2915 3211; x_wconf 85' lang='lat' dir='ltr'><strong>numquam</strong></span> <span class='ocrx_word' id='word_1_155' title='bbox 2949 3117 3274 3192; x_wconf 89' lang='lat' dir='ltr'><strong>evadunt</strong></span> <span class='ocrx_word' id='word_1_156' title='bbox 3312 3118 3409 3191; x_wconf 86' lang='lat' dir='ltr'><strong>ab</strong></span> <span class='ocrx_word' id='word_1_157' title='bbox 3450 3117 3771 3212; x_wconf 88' lang='lat' dir='ltr'><strong>inferno;</strong></span> 
     </span>
     <span class='ocr_line' id='line_1_20' title="bbox 1425 3231 3771 3331; baseline 0 -19"><span class='ocrx_word' id='word_1_158' title='bbox 1425 3238 1545 3312; x_wconf 86' lang='lat' dir='ltr'><strong>alii</strong></span> <span class='ocrx_word' id='word_1_159' title='bbox 1577 3231 1650 3329; x_wconf 84' lang='lat'><strong>(¹)</strong></span> <span class='ocrx_word' id='word_1_160' title='bbox 1702 3257 1882 3311; x_wconf 86' lang='lat' dir='ltr'><strong>vero</strong></span> <span class='ocrx_word' id='word_1_161' title='bbox 1927 3237 2296 3331; x_wconf 86' lang='lat' dir='ltr'><strong>peccando</strong></span> <span class='ocrx_word' id='word_1_162' title='bbox 2332 3237 2739 3312; x_wconf 89' lang='lat' dir='ltr'><strong>mortaliter</strong></span> <span class='ocrx_word' id='word_1_163' title='bbox 2778 3237 3229 3312; x_wconf 88' lang='lat' dir='ltr'><strong>descendunt</strong></span> <span class='ocrx_word' id='word_1_164' title='bbox 3278 3238 3351 3310; x_wconf 93' lang='lat' dir='ltr'><strong>in</strong></span> <span class='ocrx_word' id='word_1_165' title='bbox 3402 3238 3771 3314; x_wconf 90' lang='lat' dir='ltr'><strong>infernum</strong></span> 
     </span>
     <span class='ocr_line' id='line_1_21' title="bbox 1426 3356 3773 3455; baseline 0.001 -23"><span class='ocrx_word' id='word_1_166' title='bbox 1426 3358 1794 3455; x_wconf 82' lang='lat' dir='ltr'><strong>viventeS,</strong></span> <span class='ocrx_word' id='word_1_167' title='bbox 1863 3356 1991 3443; x_wconf 83' lang='lat' dir='ltr'><strong>sed</strong></span> <span class='ocrx_word' id='word_1_168' title='bbox 2049 3357 2643 3455; x_wconf 89' lang='lat' dir='ltr'><strong>recognoscendo</strong></span> <span class='ocrx_word' id='word_1_169' title='bbox 2708 3358 3001 3455; x_wconf 91' lang='lat' dir='ltr'><strong>culpam</strong></span> <span class='ocrx_word' id='word_1_170' title='bbox 3071 3378 3203 3454; x_wconf 88' lang='lat' dir='ltr'><strong>per</strong></span> <span class='ocrx_word' id='word_1_171' title='bbox 3270 3358 3773 3455; x_wconf 83' lang='lat' dir='ltr'><strong>poenitentiam</strong></span> 
     </span>
     <span class='ocr_line' id='line_1_22' title="bbox 1425 3477 3769 3576; baseline -0.001 -21"><span class='ocrx_word' id='word_1_172' title='bbox 1425 3478 1772 3572; x_wconf 84' lang='lat' dir='ltr'><strong>evadunt,</strong></span> <span class='ocrx_word' id='word_1_173' title='bbox 1826 3483 1900 3553; x_wconf 93' lang='lat' dir='ltr'><strong>et</strong></span> <span class='ocrx_word' id='word_1_174' title='bbox 1950 3478 2112 3553; x_wconf 87' lang='lat' dir='ltr'><strong>talis</strong></span> <span class='ocrx_word' id='word_1_175' title='bbox 2163 3477 2299 3551; x_wconf 93' lang='lat' dir='ltr'><strong>fuit</strong></span> <span class='ocrx_word' id='word_1_176' title='bbox 2348 3486 2562 3573; x_wconf 87' lang='lat' dir='ltr'><strong>poeta</strong></span> <span class='ocrx_word' id='word_1_177' title='bbox 2614 3484 2883 3553; x_wconf 88' lang='lat' dir='ltr'><strong>noster.</strong></span> <span class='ocrx_word' id='word_1_178' title='bbox 2938 3479 3107 3554; x_wconf 91' lang='lat' dir='ltr'><strong>Ideo</strong></span> <span class='ocrx_word' id='word_1_179' title='bbox 3157 3479 3328 3555; x_wconf 91' lang='lat' dir='ltr'><strong>dicit</strong></span> <span class='ocrx_word' id='word_1_180' title='bbox 3388 3480 3769 3576; x_wconf 83' lang='lat' dir='ltr'><strong>Virgilius:</strong></span> 
     </span>
     <span class='ocr_line' id='line_1_23' title="bbox 1425 3592 3777 3694; baseline 0.001 -21"><span class='ocrx_word' id='word_1_181' title='bbox 1425 3620 1544 3673; x_wconf 85' lang='lat' dir='ltr'><strong>ma</strong></span> <span class='ocrx_word' id='word_1_182' title='bbox 1589 3620 1722 3691; x_wconf 86' lang='lat' dir='ltr'><strong>per</strong></span> <span class='ocrx_word' id='word_1_183' title='bbox 1771 3602 1846 3673; x_wconf 85' lang='lat' dir='ltr'><strong>la</strong></span> <span class='ocrx_word' id='word_1_184' title='bbox 1893 3619 2027 3671; x_wconf 79' lang='lat' dir='ltr'><strong>sua</strong></span> <span class='ocrx_word' id='word_1_185' title='bbox 2077 3601 2310 3692; x_wconf 77' lang='lat' dir='ltr'><strong>follia,</strong></span> <span class='ocrx_word' id='word_1_186' title='bbox 2363 3597 2569 3692; x_wconf 88' lang='lat' dir='ltr'><strong>idest,</strong></span> <span class='ocrx_word' id='word_1_187' title='bbox 2621 3599 3055 3694; x_wconf 83' lang='lat' dir='ltr'><strong>temeritate,</strong></span> <span class='ocrx_word' id='word_1_188' title='bbox 3112 3603 3182 3673; x_wconf 81' lang='lat' dir='ltr'><strong>vi</strong></span> <span class='ocrx_word' id='word_1_189' title='bbox 3234 3604 3316 3694; x_wconf 74' lang='lat' dir='ltr'><strong>fit</strong></span> <span class='ocrx_word' id='word_1_190' title='bbox 3380 3592 3441 3673; x_wconf 77' lang='lat' dir='ltr'><strong>si</strong></span> <span class='ocrx_word' id='word_1_191' title='bbox 3494 3622 3777 3693; x_wconf 79' lang='lat' dir='ltr'><strong>presso,</strong></span> 
     </span>
     <span class='ocr_line' id='line_1_24' title="bbox 1428 3718 3775 3817; baseline 0.001 -24"><span class='ocrx_word' id='word_1_192' title='bbox 1428 3720 1603 3815; x_wconf 89' lang='lat' dir='ltr'><strong>quia</strong></span> <span class='ocrx_word' id='word_1_193' title='bbox 1645 3722 1802 3817; x_wconf 86' lang='lat' dir='ltr'><strong>jam</strong></span> <span class='ocrx_word' id='word_1_194' title='bbox 1857 3719 2153 3817; x_wconf 89' lang='lat' dir='ltr'><strong>triginta</strong></span> <span class='ocrx_word' id='word_1_195' title='bbox 2217 3718 2547 3814; x_wconf 88' lang='lat' dir='ltr'><strong>quinque</strong></span> <span class='ocrx_word' id='word_1_196' title='bbox 2606 3720 2815 3795; x_wconf 91' lang='lat' dir='ltr'><strong>annis</strong></span> <span class='ocrx_word' id='word_1_197' title='bbox 2878 3728 3180 3796; x_wconf 87' lang='lat' dir='ltr'><strong>steterat</strong></span> <span class='ocrx_word' id='word_1_198' title='bbox 3248 3729 3646 3797; x_wconf 86' lang='lat' dir='ltr'><strong>contumax</strong></span> <span class='ocrx_word' id='word_1_199' title='bbox 3702 3722 3775 3795; x_wconf 92' lang='lat' dir='ltr'><strong>in</strong></span> 
     </span>
     <span class='ocr_line' id='line_1_25' title="bbox 1427 3841 3777 3937; baseline 0.002 -23"><span class='ocrx_word' id='word_1_200' title='bbox 1427 3841 1766 3937; x_wconf 80' lang='lat' dir='ltr'><strong>peccatiS,</strong></span> <span class='ocrx_word' id='word_1_201' title='bbox 1817 3842 1936 3914; x_wconf 74' lang='lat' dir='ltr'><strong>che</strong></span> <span class='ocrx_word' id='word_1_202' title='bbox 1985 3843 2194 3914; x_wconf 77' lang='lat' dir='ltr'><strong>molto</strong></span> <span class='ocrx_word' id='word_1_203' title='bbox 2235 3862 2421 3933; x_wconf 83' lang='lat' dir='ltr'><strong>poco</strong></span> <span class='ocrx_word' id='word_1_204' title='bbox 2470 3848 2695 3933; x_wconf 81' lang='lat' dir='ltr'><strong>tempo</strong></span> <span class='ocrx_word' id='word_1_205' title='bbox 2755 3862 2804 3913; x_wconf 88' lang='lat' dir='ltr'><strong>a</strong></span> <span class='ocrx_word' id='word_1_206' title='bbox 2868 3844 3110 3933; x_wconf 71' lang='lat' dir='ltr'><strong>volqer</strong></span> <span class='ocrx_word' id='word_1_207' title='bbox 3158 3864 3312 3934; x_wconf 83' lang='lat' dir='ltr'><strong>era,</strong></span> <span class='ocrx_word' id='word_1_208' title='bbox 3364 3843 3539 3937; x_wconf 86' lang='lat' dir='ltr'><strong>quia</strong></span> <span class='ocrx_word' id='word_1_209' title='bbox 3596 3864 3777 3918; x_wconf 90' lang='lat' dir='ltr'><strong>ava-</strong></span> 
     </span>
     <span class='ocr_line' id='line_1_26' title="bbox 1429 3959 3773 4059; baseline 0.002 -25"><span class='ocrx_word' id='word_1_210' title='bbox 1429 3960 1594 4035; x_wconf 87' lang='lat' dir='ltr'><strong>ritia</strong></span> <span class='ocrx_word' id='word_1_211' title='bbox 1647 3980 1964 4055; x_wconf 89' lang='lat' dir='ltr'><strong>pressus,</strong></span> <span class='ocrx_word' id='word_1_212' title='bbox 2017 3966 2180 4035; x_wconf 86' lang='lat' dir='ltr'><strong>erat</strong></span> <span class='ocrx_word' id='word_1_213' title='bbox 2230 3959 2306 4033; x_wconf 90' lang='lat' dir='ltr'><strong>in</strong></span> <span class='ocrx_word' id='word_1_214' title='bbox 2357 3965 2696 4034; x_wconf 83' lang='lat' dir='ltr'><strong>extremo</strong></span> <span class='ocrx_word' id='word_1_215' title='bbox 2743 3960 3070 4056; x_wconf 90' lang='lat' dir='ltr'><strong>periculo</strong></span> <span class='ocrx_word' id='word_1_216' title='bbox 3135 3962 3391 4037; x_wconf 89' lang='lat' dir='ltr'><strong>mortis</strong></span> <span class='ocrx_word' id='word_1_217' title='bbox 3454 3971 3773 4059; x_wconf 84' lang='lat' dir='ltr'><strong>aeternae,</strong></span> 
     </span>
     <span class='ocr_line' id='line_1_27' title="bbox 1428 4079 3775 4177; baseline 0.002 -24"><span class='ocrx_word' id='word_1_218' title='bbox 1428 4080 1562 4154; x_wconf 92' lang='lat' dir='ltr'><strong>nisi</strong></span> <span class='ocrx_word' id='word_1_219' title='bbox 1614 4079 1958 4177; x_wconf 84' lang='lat' dir='ltr'><strong>Virgilius</strong></span> <span class='ocrx_word' id='word_1_220' title='bbox 2012 4081 2279 4153; x_wconf 90' lang='lat' dir='ltr'><strong>missus</strong></span> <span class='ocrx_word' id='word_1_221' title='bbox 2326 4080 2417 4154; x_wconf 90' lang='lat' dir='ltr'><strong>ad</strong></span> <span class='ocrx_word' id='word_1_222' title='bbox 2471 4100 2644 4155; x_wconf 91' lang='lat' dir='ltr'><strong>eum</strong></span> <span class='ocrx_word' id='word_1_223' title='bbox 2708 4081 3191 4156; x_wconf 90' lang='lat' dir='ltr'><strong>succurrisset</strong></span> <span class='ocrx_word' id='word_1_224' title='bbox 3242 4082 3330 4157; x_wconf 90' lang='lat' dir='ltr'><strong>ei.</strong></span> <span class='ocrx_word' id='word_1_225' title='bbox 3385 4082 3555 4158; x_wconf 91' lang='lat' dir='ltr'><strong>Ideo</strong></span> <span class='ocrx_word' id='word_1_226' title='bbox 3602 4083 3775 4158; x_wconf 90' lang='lat' dir='ltr'><strong>dicit</strong></span> 
     </span>
     <span class='ocr_line' id='line_1_28' title="bbox 1427 4192 3775 4303; baseline 0.002 -30"><span class='ocrx_word' id='word_1_227' title='bbox 1427 4200 1812 4297; x_wconf 85' lang='lat' dir='ltr'><strong>Virgilius:</strong></span> <span class='ocrx_word' id='word_1_228' title='bbox 1865 4192 1924 4273; x_wconf 75' lang='lat' dir='ltr'><strong>si</strong></span> <span class='ocrx_word' id='word_1_229' title='bbox 1990 4203 2164 4303; x_wconf 48' lang='lat' dir='ltr'><strong>com?</strong></span> <span class='ocrx_word' id='word_1_230' title='bbox 2189 4204 2261 4273; x_wconf 81' lang='lat' dir='ltr'><strong>io</strong></span> <span class='ocrx_word' id='word_1_231' title='bbox 2328 4202 2499 4274; x_wconf 82' lang='lat' dir='ltr'><strong>dissi</strong></span> <span class='ocrx_word' id='word_1_232' title='bbox 2551 4204 2663 4296; x_wconf 79' lang='lat' dir='ltr'><strong>sui</strong></span> <span class='ocrx_word' id='word_1_233' title='bbox 2726 4202 3065 4275; x_wconf 82' lang='lat' dir='ltr'><strong>mandato</strong></span> <span class='ocrx_word' id='word_1_234' title='bbox 3113 4206 3214 4276; x_wconf 85' lang='lat' dir='ltr'><strong>ad</strong></span> <span class='ocrx_word' id='word_1_235' title='bbox 3275 4225 3452 4296; x_wconf 82' lang='lat' dir='ltr'><strong>esse,</strong></span> <span class='ocrx_word' id='word_1_236' title='bbox 3504 4203 3775 4279; x_wconf 88' lang='lat' dir='ltr'><strong>scilieet</strong></span> 
     </span>
     <span class='ocr_line' id='line_1_29' title="bbox 1426 4320 3777 4415; baseline 0.001 -20"><span class='ocrx_word' id='word_1_237' title='bbox 1426 4322 1740 4396; x_wconf 88' lang='lat' dir='ltr'><strong>Dantem</strong></span> <span class='ocrx_word' id='word_1_238' title='bbox 1791 4342 1836 4395; x_wconf 86' lang='lat' dir='ltr'><strong>a</strong></span> <span class='ocrx_word' id='word_1_239' title='bbox 1885 4320 2243 4415; x_wconf 88' lang='lat' dir='ltr'><strong>Beatrice,</strong></span> <span class='ocrx_word' id='word_1_240' title='bbox 2288 4342 2422 4414; x_wconf 84' lang='lat' dir='ltr'><strong>per</strong></span> <span class='ocrx_word' id='word_1_241' title='bbox 2485 4323 2583 4394; x_wconf 72' lang='lat' dir='ltr'><strong>lui</strong></span> <span class='ocrx_word' id='word_1_242' title='bbox 2636 4342 2999 4414; x_wconf 72' lang='lat' dir='ltr'><strong>campore,</strong></span> <span class='ocrx_word' id='word_1_243' title='bbox 3048 4321 3321 4399; x_wconf 89' lang='lat' dir='ltr'><strong>scilicet</strong></span> <span class='ocrx_word' id='word_1_244' title='bbox 3367 4344 3413 4398; x_wconf 90' lang='lat' dir='ltr'><strong>a</strong></span> <span class='ocrx_word' id='word_1_245' title='bbox 3463 4323 3777 4398; x_wconf 88' lang='lat' dir='ltr'><strong>devora-</strong></span> 
     </span>
     <span class='ocr_line' id='line_1_30' title="bbox 1426 4437 3779 4537; baseline 0.002 -22"><span class='ocrx_word' id='word_1_246' title='bbox 1426 4441 1624 4516; x_wconf 90' lang='lat' dir='ltr'><strong>tione</strong></span> <span class='ocrx_word' id='word_1_247' title='bbox 1672 4443 1888 4537; x_wconf 83' lang='lat' dir='ltr'><strong>lupae,</strong></span> <span class='ocrx_word' id='word_1_248' title='bbox 1939 4462 2108 4535; x_wconf 82' lang='lat' dir='ltr'><strong>quae</strong></span> <span class='ocrx_word' id='word_1_249' title='bbox 2151 4442 2477 4516; x_wconf 86' lang='lat' dir='ltr'><strong>maxime</strong></span> <span class='ocrx_word' id='word_1_250' title='bbox 2541 4441 2926 4519; x_wconf 86' lang='lat' dir='ltr'><strong>infestabat</strong></span> <span class='ocrx_word' id='word_1_251' title='bbox 2976 4462 3152 4517; x_wconf 90' lang='lat' dir='ltr'><strong>eum</strong></span> <span class='ocrx_word' id='word_1_252' title='bbox 3204 4444 3399 4519; x_wconf 89' lang='lat' dir='ltr'><strong>ultra</strong></span> <span class='ocrx_word' id='word_1_253' title='bbox 3448 4443 3629 4519; x_wconf 87' lang='lat' dir='ltr'><strong>alias</strong></span> <span class='ocrx_word' id='word_1_254' title='bbox 3668 4437 3779 4519; x_wconf 57' lang='lat' dir='ltr'><strong>fe·L</strong></span> 
     </span>
     <span class='ocr_line' id='line_1_31' title="bbox 1429 4561 3781 4657; baseline 0.002 -22"><span class='ocrx_word' id='word_1_255' title='bbox 1429 4582 1572 4656; x_wconf 88' lang='lat' dir='ltr'><strong>ras,</strong></span> <span class='ocrx_word' id='word_1_256' title='bbox 1624 4568 1699 4636; x_wconf 88' lang='lat' dir='ltr'><strong>et</strong></span> <span class='ocrx_word' id='word_1_257' title='bbox 1757 4561 1976 4635; x_wconf 87' lang='lat' dir='ltr'><strong>dicit:</strong></span> <span class='ocrx_word' id='word_1_258' title='bbox 2043 4584 2082 4635; x_wconf 80' lang='lat' dir='ltr'><strong>e</strong></span> <span class='ocrx_word' id='word_1_259' title='bbox 2145 4582 2291 4635; x_wconf 82' lang='lat' dir='ltr'><strong>non</strong></span> <span class='ocrx_word' id='word_1_260' title='bbox 2342 4564 2405 4634; x_wconf 86' lang='lat' dir='ltr'><strong>v’</strong></span> <span class='ocrx_word' id='word_1_261' title='bbox 2432 4584 2561 4635; x_wconf 85' lang='lat' dir='ltr'><strong>era</strong></span> <span class='ocrx_word' id='word_1_262' title='bbox 2628 4566 2820 4637; x_wconf 78' lang='lat' dir='ltr'><strong>altra</strong></span> <span class='ocrx_word' id='word_1_263' title='bbox 2879 4567 3021 4657; x_wconf 82' lang='lat' dir='ltr'><strong>via,</strong></span> <span class='ocrx_word' id='word_1_264' title='bbox 3088 4564 3360 4646; x_wconf 84' lang='lat' dir='ltr'><strong>scilicet</strong></span> <span class='ocrx_word' id='word_1_265' title='bbox 3422 4564 3781 4640; x_wconf 84' lang='lat' dir='ltr'><strong>evasionis</strong></span> 
     </span>
     <span class='ocr_line' id='line_1_32' title="bbox 1427 4682 3777 4776; baseline 0.001 -20"><span class='ocrx_word' id='word_1_266' title='bbox 1427 4682 1609 4775; x_wconf 87' lang='lat' dir='ltr'><strong>eius,</strong></span> <span class='ocrx_word' id='word_1_267' title='bbox 1661 4684 1779 4753; x_wconf 76' lang='lat' dir='ltr'><strong>che</strong></span> <span class='ocrx_word' id='word_1_268' title='bbox 1829 4689 2068 4773; x_wconf 81' lang='lat' dir='ltr'><strong>questa</strong></span> <span class='ocrx_word' id='word_1_269' title='bbox 2106 4704 2243 4775; x_wconf 80' lang='lat' dir='ltr'><strong>per</strong></span> <span class='ocrx_word' id='word_1_270' title='bbox 2292 4686 2365 4756; x_wconf 88' lang='lat' dir='ltr'><strong>la</strong></span> <span class='ocrx_word' id='word_1_271' title='bbox 2414 4686 2621 4776; x_wconf 79' lang='lat' dir='ltr'><strong>quale</strong></span> <span class='ocrx_word' id='word_1_272' title='bbox 2666 4687 2739 4757; x_wconf 84' lang='lat' dir='ltr'><strong>io</strong></span> <span class='ocrx_word' id='word_1_273' title='bbox 2788 4687 2886 4758; x_wconf 83' lang='lat' dir='ltr'><strong>mi</strong></span> <span class='ocrx_word' id='word_1_274' title='bbox 2933 4706 3069 4758; x_wconf 78' lang='lat' dir='ltr'><strong>son</strong></span> <span class='ocrx_word' id='word_1_275' title='bbox 3114 4706 3357 4759; x_wconf 78' lang='lat' dir='ltr'><strong>messe.</strong></span> <span class='ocrx_word' id='word_1_276' title='bbox 3414 4686 3619 4761; x_wconf 90' lang='lat' dir='ltr'><strong>Unde</strong></span> <span class='ocrx_word' id='word_1_277' title='bbox 3665 4685 3777 4760; x_wconf 91' lang='lat' dir='ltr'><strong>di-</strong></span> 
     </span>
     <span class='ocr_line' id='line_1_33' title="bbox 1428 4792 3775 4899; baseline 0.002 -23"><span class='ocrx_word' id='word_1_278' title='bbox 1428 4800 1526 4877; x_wconf 86' lang='lat' dir='ltr'><strong>cit</strong></span> <span class='ocrx_word' id='word_1_279' title='bbox 1551 4792 1626 4893; x_wconf 82' lang='lat'><strong>(²)</strong></span> <span class='ocrx_word' id='word_1_280' title='bbox 1681 4800 2025 4898; x_wconf 87' lang='lat' dir='ltr'><strong>Virgilius</strong></span> <span class='ocrx_word' id='word_1_281' title='bbox 2075 4801 2207 4875; x_wconf 91' lang='lat' dir='ltr'><strong>sibi</strong></span> <span class='ocrx_word' id='word_1_282' title='bbox 2261 4802 2586 4877; x_wconf 90' lang='lat' dir='ltr'><strong>secundo</strong></span> <span class='ocrx_word' id='word_1_283' title='bbox 2636 4804 2955 4899; x_wconf 91' lang='lat' dir='ltr'><strong>capitulo</strong></span> <span class='ocrx_word' id='word_1_284' title='bbox 3005 4804 3317 4881; x_wconf 79' lang='lat' dir='ltr'><strong>Inferni:</strong></span> <span class='ocrx_word' id='word_1_285' title='bbox 3373 4812 3431 4880; x_wconf 78' lang='lat' dir='ltr'><strong><em>A</em></strong></span> <span class='ocrx_word' id='word_1_286' title='bbox 3486 4812 3550 4879; x_wconf 82' lang='lat' dir='ltr'><strong>te</strong></span> <span class='ocrx_word' id='word_1_287' title='bbox 3604 4826 3775 4880; x_wconf 75' lang='lat' dir='ltr'><strong>con-</strong></span> 
     </span>
    </p>
   </div>
   <div class='ocr_carea' id='block_1_3' title="bbox 1552 5050 2941 5121">
    <p class='ocr_par' dir='ltr' id='par_1_3' title="bbox 1552 5050 2941 5121">
     <span class='ocr_line' id='line_1_34' title="bbox 1552 5050 2941 5121; baseline 0.004 -18"><span class='ocrx_word' id='word_1_288' title='bbox 1552 5052 1609 5114; x_wconf 86' lang='lat'><strong>(¹)</strong></span> <span class='ocrx_word' id='word_1_289' title='bbox 1641 5052 1694 5103; x_wconf 88' lang='lat' dir='ltr'><strong>S.</strong></span> <span class='ocrx_word' id='word_1_290' title='bbox 1725 5065 1758 5102; x_wconf 86' lang='lat' dir='ltr'><strong>e</strong></span> <span class='ocrx_word' id='word_1_291' title='bbox 1789 5052 1851 5103; x_wconf 78' lang='lat' dir='ltr'><strong>E.</strong></span> <span class='ocrx_word' id='word_1_292' title='bbox 1885 5050 1971 5102; x_wconf 78' lang='lat' dir='ltr'><strong>alil</strong></span> <span class='ocrx_word' id='word_1_293' title='bbox 2003 5058 2196 5105; x_wconf 77' lang='lat' dir='ltr'><strong>autem.</strong></span> <span class='ocrx_word' id='word_1_294' title='bbox 2609 5053 2669 5121; x_wconf 77' lang='lat'><strong>(⁸)</strong></span> <span class='ocrx_word' id='word_1_295' title='bbox 2700 5056 2763 5106; x_wconf 85' lang='lat' dir='ltr'><strong>B.</strong></span> <span class='ocrx_word' id='word_1_296' title='bbox 2796 5056 2941 5108; x_wconf 79' lang='lat' dir='ltr'><strong>dixit.</strong></span> 
     </span>
    </p>
   </div>
   <div class='ocr_carea' id='block_1_4' title="bbox 4257 460 4276 1226">
    <p class='ocr_par' dir='ltr' id='par_1_4' title="bbox 4257 460 4276 1226">
     <span class='ocr_line' id='line_1_35' title="bbox 4257 460 4276 1226; baseline 0 0"><span class='ocrx_word' id='word_1_297' title='bbox 4257 460 4276 1226; x_wconf 95' lang='lat' dir='ltr'><strong> </strong></span> 
     </span>
    </p>
   </div>
  </div>
 </body>
</html>
