4392 6850
1476 974 1619 1045 532
2192 981 2600 1039 COMENTUM
2642 980 3086 1038 rnncxronu

1460 1131 1549 1205 in
1600 1128 1985 1205 vindictam
2039 1126 2450 1221 Conradini,
2491 1127 2646 1223 ipso
2697 1126 2960 1203 Carolo
2993 1146 3164 1199 cum
3206 1126 3460 1223 paucis
3485 1120 3560 1219 (¹)
3593 1126 3810 1203 sociis

1468 1255 1871 1325 reservato.
1924 1249 2075 1323 Hac
2126 1246 2428 1323 victoria
2487 1247 2759 1343 potitus
2821 1256 2934 1323 est
2987 1246 3352 1341 Rogerius
3411 1267 3606 1323 anno
3667 1248 3812 1323 Do-

1465 1370 1651 1447 mini
1700 1366 2250 1445 MCCLXXXIV.
2303 1368 2436 1443 Die
2487 1368 2818 1463 sequenti
2857 1367 3161 1443 Carolus
3209 1374 3418 1463 pater
3465 1367 3812 1463 applicuit

1470 1490 1841 1583 Gaietam3
1894 1488 2023 1583 qui
2072 1493 2374 1583 accepto
2413 1487 2706 1562 sinistro
2751 1506 3058 1563 rumore
3099 1486 3242 1581 filii,
3277 1506 3634 1563 aecensus
3675 1486 3808 1579 ira,

1470 1610 1682 1687 dixit:
1737 1609 2011 1685 Vellem
2064 1607 2304 1704 ipsum
2357 1628 2518 1683 esse
2569 1613 2974 1701 mortuum,
3026 1607 3320 1702 quando
3349 1598 3423 1698 (²)
3471 1627 3620 1681 non
3651 1626 3811 1681 ser-

1470 1730 1669 1805 vavit
1730 1736 2178 1827 praeceptum
2247 1749 2526 1805 meum.
2585 1728 3056 1803 Mandaverat
3111 1735 3320 1822 pater
3347 1718 3424 1819 (³)
3489 1726 3658 1819 filio,
3725 1733 3810 1801 ut

1468 1852 1675 1929 nullo
1724 1872 1899 1925 casu
1952 1851 2446 1925 committeret
2495 1869 2576 1923 se
2625 1868 2892 1945 pugnae
2945 1847 3248 1923 marinae
3297 1847 3416 1923 vel
3479 1846 3808 1923 terrestri

1460 1969 1545 2048 in
1594 1968 1921 2044 absentia
1972 1990 2127 2043 sua.
2180 1968 2457 2044 Deinde
2506 1967 2834 2061 Carolus
2885 1974 3182 2043 mortuo
3223 1974 3456 2063 patre,
3497 1987 3809 2043 concor-

1456 2089 1652 2171 ·dans
1687 2110 1856 2163 cum
1897 2109 2073 2185 rege
2107 2088 2562 2183 ⁴aragonum,
2591 2108 2936 2163 reversus
2961 2088 3172 2163 estin
3207 2078 3522 2184 regnum
3559 2108 3806 2183 suum,

1470 2215 1545 2284 et
1596 2208 1887 2283 tradidit
1936 2207 2155 2283 filiam
2209 2229 2420 2283 suam
2457 2208 2683 2284 Azoni
2715 2208 2806 2283 111
2850 2207 3272 2314 marchioni·
3293 2208 3582 2302 estensi,
3621 2208 3808 2283 facta

1470 2329 1603 2407 sibi
1658 2349 1925 2427 magna
1976 2328 2366 2405 donatione
2415 2336 2714 2425 propter
2749 2328 3058 2425 nuptiaS.
3101 2328 3312 2403 Nunc
3343 2330 3436 2405 ad
3483 2328 3806 2422 literam,-

1468 2450 1638 2525 dicit
1698 2450 1953 2545 Hugo:
2004 2452 2258 2542 Veyqio
2323 2452 2370 2521 l'
2395 2453 2610 2541 auro,
2669 2450 2963 2543 scilicet,
3023 2449 3368 2525 Carolum
3435 2450 3808 2544 claudum,

1468 2572 1593 2644 che
1638 2560 1761 2663 yid
1810 2562 1951 2643 usci
1990 2592 2209 2663 preso
2257 2572 2334 2645 di
2377 2592 2584 2661 nave,
2637 2578 2712 2647 et
2760 2577 2964 2646 certe
3015 2568 3266 2645 fuisset
3315 2569 3622 2664 occisuS,
3673 2570 3809 2645 nisi

1470 2690 1960 2785 prohibuisset
2022 2691 2276 2786 regina
2333 2689 2774 2785 Constantia,
2827 2692 3086 2763 vender
3133 2710 3266 2763 sua
3315 2692 3544 2783 fiylia,
3579 2711 3804 2785 quam

1472 2809 1761 2886 tradidit
1812 2810 1972 2885 viro
2020 2831 2155 2907 pro
2188 2811 2524 2906 pecunia,
2559 2832 2596 2884 e
2621 2812 3136 2905 paueqyiarne,
3177 2830 3370 2883 come
3393 2814 3528 2905 san
3561 2812 3614 2883 li
3643 2832 3809 2883 cor-

1467 2950 1597 3003 sar
1660 2934 1814 3005 del?
1839 2934 2018 3005 altre
2072 2933 2374 3023 soleiave,
2441 2951 2628 3027 quas
2691 2931 3018 3007 vendunt
3079 2952 3216 3027 pro
3279 2938 3486 3007 certo
3548 2931 3802 3027 pretio.

1468 3050 1611 3127 Sed
1660 3051 1833 3147 quid
1884 3052 2179 3127 dixisset
2229 3058 2442 3147 poeta
2495 3058 2766 3145 noster,
2803 3050 3000 3145 quod
3039 3052 3356 3127 Ioannes
3402 3072 3530 3127 rex
3575 3051 3808 3127 Fran-

1468 3173 1623 3267 ciae‚
1693 3183 1947 3269 captus
2004 3173 2100 3249 ab
2160 3172 2460 3269 anglicis
2519 3171 2776 3247 diebus
2837 3172 3133 3265 nostriS‚
3199 3172 3515 3248 vendidit
3583 3172 3805 3247 filiam

1470 3313 1681 3371 suam
1734 3292 2031 3367 domino
2080 3292 2406 3367 Galeatio
2458 3298 2770 3388 tyranno
2801 3290 2895 3367 de
2927 3292 3377 3367 Mediolano?
3411 3293 3498 3367 Et
3539 3312 3633 3367 ex
3667 3293 3809 3367 hoc

1461 3413 1681 3510 Hugo
1726 3412 1979 3490 dolore
2030 3413 2424 3488 intrinseco
2457 3418 2720 3507 tactuS,
2757 3412 3122 3488 exclamat
3153 3400 3224 3504 (⁴)
3263 3419 3519 3489 contra
3567 3412 3810 3488 avari-

1470 3533 1647 3608 tiam
1684 3533 2282 3630 potentissimam,
2317 3533 2598 3610 dicens:
2635 3539 2698 3610 0
2739 3536 3113 3608 avarizia!
3149 3532 3402 3629 regina
3437 3533 3806 3628 vitiorum,

1471 3656 1593 3728 che
1616 3657 1793 3746 puoi
1833 3661 1901 3726 cu
1936 3649 2057 3746 piel
2090 3658 2360 3749 farne?
2391 3653 2600 3748 quasi
2651 3653 2878 3729 dicat:
2915 3653 3016 3726 nil
3056 3653 3317 3746 maium,
3365 3656 3492 3746 poi
3525 3656 3586 3726 c’
3610 3655 3729 3726 1ιαί
3759 3655 3816 3726 il

1470 3794 1738 3866 saraque
1786 3776 1925 3846 mio
1977 3795 2026 3847 a
2076 3781 2138 3848 te
2184 3766 2246 3846 si
2295 3779 2534 3864 trouv,
2583 3775 2704 3846 che
2751 3793 2896 3846 non
2941 3777 3008 3846 si
3051 3793 3230 3846 cura
3279 3775 3464 3848 della
3501 3775 3810 3865 propria

1468 3899 1731 3968 carne?
1780 3893 1867 3967 Et
1918 3893 2033 3967 hic
2082 3899 2279 3987 nota,
2333 3893 2532 3988 quod
2581 3893 2720 3970 iste
2770 3893 3093 3968 maxime
3139 3893 3338 3969 dolet
3377 3893 3470 3970 de
3501 3892 3808 3968 avaritia

1472 4013 1677 4088 istius
1726 4011 1990 4106 Caroli,
2024 4013 2200 4106 quia
2233 4013 2369 4086 fuit
2405 4013 2616 4088 valde
2646 4012 2964 4088 liberalis
2999 4013 3188 4090 inter
3219 4033 3436 4110 reges
3467 4012 3584 4088 sui
3619 4018 3809 4088 tem-

1463 4133 1684 4231 poris,
1722 4133 1862 4208 Sed
1896 4139 2098 4209 certe
2128 4153 2347 4208 amor
2386 4133 2717 4230 pecuniae
2752 4133 2972 4208 vincit
3001 4153 3338 4210 amorem
3367 4133 3806 4226 naturalem,

1470 4260 1545 4334 et
1594 4275 1715 4328 res
1764 4253 2240 4348 impossibiles
2289 4254 2458 4328 facit
2505 4254 2898 4350 possibiles.
2951 4254 3156 4330 Unde
3203 4253 3474 4347 infelix,
3520 4253 3602 4328 in
3655 4273 3807 4347 quo

1468 4373 1777 4453 avaritia
1826 4373 1983 4446 fixit
2045 4373 2325 4450 radices
2397 4395 2594 4468 suaa,
2653 4373 3150 4470 pacisceretur
3205 4394 3377 4451 cum
3439 4393 3810 4468 quocum—

1472 4515 1621 4593 que
1670 4493 1761 4568 de
1812 4499 2037 4588 quota
2088 4499 2302 4589 parte
2349 4493 2516 4568 vitae
2563 4512 2744 4588 suaa,
2795 4493 2856 4569 si
2917 4501 3160 4588 posset
3222 4492 3542 4570 vendere
3598 4491 3806 4570 alteri

1471 4621 1765 4710 tempus
1814 4614 1945 4688 sibi
2009 4615 2266 4690 datum
2325 4635 2372 4694 a
2435 4621 2741 4692 natura:
2809 4611 3067 4708 perche?
3120 4635 3278 4688 men
3329 4616 3512 4708 pala
3565 4615 3622 4686 il
3665 4615 3813 4686 mal

1466 4738 1707 4830 ficmro
1756 4757 1795 4809 e
1828 4737 1879 4808 ’l
1928 4739 2128 4830 saeco,
2182 4735 2314 4811 Hic
2361 4735 2578 4830 Hngo
2627 4753 2886 4812 amare
2934 4741 3471 4812 commemorat
3527 4731 3810 4810 facinus

1471 4854 1779 4950 impium
1835 4855 2031 4948 quod
2074 4860 2491 4951 praegravat
2523 4854 2829 4929 caeteris.
2868 4853 2974 4932 Ad
3013 4853 3226 4928 cuius
3259 4851 3806 4950 intelligentiam

1598 5039 1654 5101 (¹)
1688 5039 1749 5089 Ε.
1783 5053 1904 5090 cum
1938 5041 2043 5091 suis
2074 5045 2355 5092 reservato.
2731 5036 2791 5102 (⁹)
2822 5039 2884 5089 Β.
2917 5039 3036 5103 quia
3067 5053 3188 5090 non.

1598 5115 1652 5180 (²)
1688 5119 1794 5177 ¹1⁷,
1827 5117 1967 5170 enlm
1998 5123 2161 5182 pater.
2733 5115 2788 5180 ζ’)
2823 5121 2930 5178 11⁷.
2961 5116 3286 5168 exclamavit.
