4392 6850
1193 995 1472 1052 CAN‘rus
1521 997 1834 1052 nncmus
1883 997 2215 1064 QmNTUS.
2723 982 2867 1050 415

530 1141 958 1216 convocavit
989 1134 1062 1234 (¹)
1116 1141 1210 1215 ad
1259 1141 1665 1216 consilium.
1720 1143 1871 1217 Mos
1921 1143 2117 1228 enim
2175 1149 2336 1217 erat
2384 1147 2562 1217 tunc
2611 1142 2871 1218 inillis

529 1261 856 1356 partibus
891 1260 1091 1354 quod
1124 1261 1414 1336 feminae
1447 1261 1852 1344 intererant
1886 1261 2190 1357 publicis
2218 1262 2557 1337 consiliis:
2588 1270 2663 1338 et
2694 1263 2899 1339 bre--

531 1380 716 1455 viter
767 1381 1074 1456 masculi
1127 1401 1263 1477 pro
1313 1381 1675 1477 Neptuno,
1728 1381 2019 1456 feminae
2076 1403 2211 1476 pro
2276 1382 2598 1458 Minerva
2647 1383 2873 1459 dede-

532 1508 702 1576 runt
755 1521 974 1576 voces
1023 1523 1216 1577 suas,
1271 1501 1412 1578 Sed
1463 1501 1638 1596 quia
1692 1522 1837 1576 una
1885 1505 2049 1598 plus
2085 1503 2377 1578 inventa
2418 1510 2529 1578 est
2562 1503 2873 1579 semina-

536 1641 704 1695 rum
755 1621 1080 1698 Minerva
1129 1621 1442 1699 obtinuit
1489 1620 1892 1696 victoriam.
1953 1623 2158 1697 Tunc
2208 1623 2591 1718 Neptunus
2642 1624 2874 1698 iratus

533 1741 1005 1818 inundatione
1055 1743 1279 1817 maris
1327 1742 1640 1818 vastavit
1685 1749 1924 1818 terras
1959 1742 2519 1838 atheniensium,
2555 1745 2730 1838 quia
2766 1744 2877 1820 sa-

533 1863 671 1938 cile
703 1869 814 1939 est
845 1863 1161 1939 daemoni
1189 1855 1264 1956 (²)
1299 1864 1678 1939 effundere
1712 1864 1928 1938 latius
1959 1883 2257 1938 omnem
2312 1885 2625 1958 aquam:
2662 1866 2874 1940 cuius

535 1989 620 2058 ut
670 1983 782 2059 ira
823 1984 1266 2080 placaretur,
1299 1984 1756 2060 athenienses
1797 1990 2215 2059 statuerunt
2259 2005 2353 2059 ne
2387 1984 2735 2060 mulieres
2784 1985 2878 2060 de

533 2111 805 2180 caetero
865 2105 959 2180 ad
1017 2105 1368 2201 suffragia
1415 2105 1664 2201 populi
1712 2111 2182 2199 vocarentur,
2236 2112 2309 2180 et
2350 2095 2421 2197 (³)
2486 2112 2571 2180 ut
2634 2106 2879 2179 nullus

533 2223 726 2298 filius
777 2224 1084 2300 haberet
1133 2244 1404 2300 nomen
1453 2225 1732 2320 matris,
1771 2232 1847 2299 et
1877 2213 1950 2318 (⁴)
1997 2225 2198 2299 nulla
2249 2225 2515 2300 femina
2570 2244 2882 2300 vocare-

534 2352 660 2419 tur
693 2344 1000 2419 Athena.
1036 2344 1220 2418 Dicit
1271 2363 1451 2442 ergo
1507 2365 1697 2419 uxor
1729 2345 2100 2420 Pisistrato
2134 2345 2296 2418 viro
2330 2365 2489 2440 suo,
2530 2353 2612 2420 ut
2647 2345 2881 2442 magis

539 2472 834 2540 moveat
859 2457 936 2558 (⁵)
1000 2486 1224 2540 eum:
1287 2487 1364 2538 se
1430 2473 1500 2539 tu
1559 2469 1656 2540 se’
1678 2470 1846 2559 sire,
1901 2465 2105 2559 idest,
2172 2465 2561 2560 dominus;
2628 2465 2686 2540 si
2749 2487 2883 2562 pro

538 2587 734 2684 quia,
785 2589 972 2661 della
1022 2590 1216 2678 villa,
1261 2585 1723 2662 nobilissimae
1755 2577 1827 2680 (⁰)
1880 2587 2188 2663 civitatis
2236 2587 2718 2682 Athenarum,
2769 2589 2887 2662 del

538 2713 649 2784 cui
695 2731 904 2782 nome
951 2711 1058 2782 m?
1090 2711 1224 2782 Dei
1263 2712 1344 2803 s’u
1395 2715 1592 2782 tama
1641 2711 1778 2799 lite,
1839 2708 2030 2783 inter
2093 2708 2513 2803 Neptunum
2584 2713 2656 2781 et
2716 2708 2883 2782 Pal-

545 2829 824 2905 ladem:
879 2831 1067 2902 hanc
1116 2827 1318 2902 litem
1372 2828 1600 2924 tangit
1649 2827 1946 2902 Ovidius
1995 2827 2068 2902 in
2103 2829 2194 2901 Vl
2228 2826 2537 2921 MaioriS,
2575 2828 2700 2902 ubi
2743 2825 2882 2901 fin-

542 2951 668 3046 git,
721 2949 920 3044 quod
983 2949 1216 3022 Pallas
1281 2948 1488 3022 hasta
1549 2969 1685 3022 sua
1746 2948 2102 3044 percussit
2163 2951 2441 3022 terram
2508 2953 2581 3023 et
2640 2948 2881 3022 subito

543 3076 712 3144 nata
763 3075 874 3144 est
923 3068 1138 3142 oliva.
1192 3068 1573 3163 Neptunus
1631 3087 1810 3142 vero
1869 3068 2077 3164 virga
2129 3089 2265 3142 sua
2321 3067 2681 3164 percussit
2730 3075 2883 3142 ter-

543 3210 705 3265 ram
757 3195 834 3264 et
881 3189 1124 3262 subito
1175 3194 1345 3263 nata
1397 3195 1508 3262 est
1555 3208 1774 3283 aqua.
1827 3187 1980 3262 Suh
2039 3188 2177 3262 hac
2241 3185 2529 3262 fictione
2579 3186 2879 3281 quidam

542 3311 802 3385 volunt
843 3307 1042 3402 quod
1074 3308 1468 3404 allegorice
1517 3307 1963 3403 intelligatur
1997 3307 2196 3400 quod
2232 3327 2589 3403 magnum
2642 3314 2886 3382 certa-

543 3452 718 3507 men
767 3431 906 3507 fuit
953 3430 1143 3505 inter
1191 3429 1552 3525 sapientes
1591 3429 1782 3503 illius
1818 3429 2043 3523 urbis,
2078 3450 2174 3503 an
2210 3429 2464 3504 civitas
2498 3437 2689 3504 esset
2724 3451 2889 3505 ma-

541 3552 654 3649 gis
705 3550 1147 3625 nobilitanda
1199 3556 1273 3624 et
1321 3548 1771 3624 honestanda
1823 3549 1940 3623 vel
1989 3568 2082 3623 ex
2135 3549 2377 3623 studio
2426 3550 2889 3645 philosopho-

545 3692 743 3765 rum,
807 3669 925 3745 vel
974 3689 1066 3745 ex
1133 3668 1344 3743 lucro
1411 3674 1946 3763 mercatorum3
2011 3675 2086 3745 et
2140 3669 2439 3744 tandem
2502 3670 2919 3746 obtentum

541 3798 678 3885 est,
729 3791 930 3885 quod
979 3788 1288 3886 dignitas
1348 3790 1570 3863 huius
1640 3788 1842 3863 urhis
1899 3790 2140 3885 potius
2171 3784 2353 3865 'erat
2414 3790 2489 3864 in
2540 3791 2889 3887 sapientia

545 3932 776 4007 quam
811 3912 886 3985 in
921 3909 1310 4006 opulentia.
1347 3908 1518 3985 Ideo
1554 3908 1764 3984 dicit:
1801 3912 1890 3984 ed
1919 3912 2102 3984 onde
2131 3914 2303 4002 oqui
2330 3914 2633 3985 scienzia
2666 3914 2891 4007 disfa-

547 4034 735 4106 villa.
789 4030 996 4106 Unde
1045 4028 1494 4129 Augustinus
1529 4028 1796 4105 ibidem
1831 4030 2035 4104 dicit:
2069 4030 2172 4106 lta
2210 4030 2329 4104 illa
2364 4030 2615 4105 civitas
2650 4039 2891 4109 mater

549 4158 682 4227 aut
731 4151 983 4225 nutrix
1033 4149 1442 4225 liberalium
1494 4149 2023 4245 doctrinarum,
2075 4157 2150 4225 et
2212 4157 2318 4225 tot
2378 4159 2452 4225 et
2512 4158 2883 4227 tantorum

552 4270 1173 4367 philosophorum,
1225 4290 1375 4364 qua
1425 4270 1600 4344 nihil
1648 4270 1904 4344 habuit
1949 4269 2229 4345 Graecia
2264 4272 2533 4347 clarius
2574 4278 2649 4347 et
2682 4273 2894 4347 nobi-

553 4390 716 4488 lius,
769 4390 1306 4467 ludiflcantihus
1364 4390 1821 4465 daemonibus
1869 4390 1962 4465 de
2021 4390 2149 4465 lite
2206 4391 2517 4467 deorum
2578 4414 2889 4469 suorum

558 4510 857 4586 masculi
909 4516 988 4584 et
1035 4508 1326 4585 seminae
1376 4511 1470 4585 de
1519 4508 1822 4587 victoria
1872 4510 2187 4606 feminae,
2226 4532 2361 4606 per
2410 4512 2717 4588 seminas
2764 4535 2894 4590 ac-

554 4630 742 4727 cepit
791 4650 1066 4705 nomen
1113 4629 1456 4725 AthenaS,
1507 4636 1582 4705 et
1630 4628 1908 4705 offensa
1960 4650 2006 4705 a
2055 4631 2213 4706 Deo
2265 4632 2457 4707 victo
2515 4636 2893 4730 compulsa

677 4896 734 5035 ἑξ
765 4895 828 5023 ξ.
859 4901 1101 5035 333,
1131 4988 1238 5025 non
1267 4974 1577 5039 prohibente
1607 4976 1980 5040 omnipotente,
2013 4974 2299 5028 effundere.

681 5047 736 5112 (²)
767 5048 830 5099 B.
861 5052 918 5099 ot
947 5051 1088 5114 quod
1119 5052 1313 5103 nullus.
1784 5052 1836 5115 ι’)
1868 5054 1932 5105 13.
1962 5058 2016 5104 et
2047 5054 2188 5119 quod
2220 5054 2384 5104 nulla.

683 5126 740 5187 (⁸)
769 5126 833 5177 B.
863 5134 1146 5181 removent.
1781 5130 1840 5193 (⁸)
1871 5134 1978 5193 11¹1,
2011 5130 2160 5193 idest,
2193 5130 2541 5183 nobilissimo.
