4392 6850
1423 981 1702 1038 (umus
1751 983 2012 1038 Nonus
2746 973 2887 1042 269

535 1123 882 1202 describit
909 1123 1412 1200 necessitatem
1443 1125 1752 1200 istarum
1783 1125 2128 1220 clavium,
2150 1127 2543 1204 ostendens
2576 1130 2889 1205 alteram

533 1245 840 1322 alterius
891 1245 1164 1321 auxilio
1215 1245 1566 1342 indigere,
1621 1245 1718 1322 ita
1772 1246 1967 1341 quod
2017 1268 2166 1322 una
2203 1268 2349 1323 non
2384 1255 2619 1346 potest
2651 1251 2889 1326 adim-

532 1367 738 1463 plere
777 1365 1107 1441 officium
1155 1365 1314 1440 sine
1353 1367 1624 1461 altera3
1663 1366 1860 1442 unde
1897 1366 2110 1442 dicit:
2146 1371 2314 1442 diss’
2339 1372 2453 1444 elli
2484 1391 2532 1442 a
2565 1374 2711 1462 noi,
2748 1371 2891 1446 sci-

533 1487 702 1564 licet
773 1487 896 1562 ille
973 1487 1340 1582 sacerdos,
1407 1487 1898 1581 quandunque,
1959 1488 2170 1585 idest,
2239 1489 2883 1586 quandocumque,

533 1611 580 1682 τ’
605 1631 752 1684 una
801 1612 870 1684 α’
895 1617 1030 1684 este
1077 1611 1308 1682 chiavi
1345 1611 1557 1702 salla,
1607 1611 1726 1683 che
1771 1630 1920 1684 non
1965 1613 2030 1682 si
2079 1615 2291 1702 volya
2350 1613 2565 1686 dritta
2616 1633 2753 1706 per
2810 1615 2885 1686 la

536 1738 774 1824 loppa,
822 1751 968 1804 non
1013 1733 1073 1803 ε’
1097 1751 1278 1823 apre
1325 1737 1563 1823 questa
1628 1733 1841 1823 calla,
1889 1730 2096 1826 idest,
2161 1731 2298 1808 iste
2359 1739 2608 1808 arctus
2658 1733 2882 1827 calliS,

535 1851 708 1946 quia
758 1851 926 1926 licet
975 1848 1316 1926 sacerdos
1365 1850 1635 1926 habeat
1692 1849 2069 1926 scientiam
2131 1872 2482 1948 magnam
2534 1852 2691 1927 sine
2740 1873 2881 1928 au-

535 1970 850 2065 toritate,
886 1971 1002 2045 vel
1053 1991 1098 2044 e
1145 1969 1541 2065 contrari0,
1577 1990 1725 2045 non
1759 1975 1996 2065 potest
2027 1970 2207 2046 dare
2257 1971 2533 2046 homini
2573 1974 2775 2068 juste
2801 1967 2877 2065 (')

532 2089 1053 2188 poenitentiam.
1107 2089 1196 2162 Et
1245 2089 1362 2164 hic
1415 2096 1610 2184 nota,
1645 2089 1844 2184 quod
1885 2090 2245 2166 autoritas
2286 2092 2879 2186 quandoquidem

532 2218 641 2286 est
688 2211 846 2286 sine
897 2209 1220 2304 scientia,
1258 2208 1854 2305 quandoquidem
1901 2209 2203 2286 scientia
2254 2209 2411 2288 sine
2463 2211 2657 2307 ipsa3
2694 2212 2885 2286 sicut

529 2352 574 2407 a
623 2331 840 2408 simili
891 2329 964 2405 in
1018 2329 1524 2426 jurisdictione
1573 2329 1932 2425 saeculari,
1981 2329 2247 2425 aliquis
2298 2336 2408 2405 est
2446 2330 2681 2427 judex
2748 2332 2884 2406 ha-

529 2453 710 2528 bens
760 2452 1236 2528 autoritatem
1278 2450 1675 2548 judicandi,
1730 2451 1856 2545 qui
1919 2472 2066 2526 non
2124 2451 2347 2527 habet
2399 2452 2594 2547 juris
2644 2451 2884 2526 scien-

529 2574 750 2667 tiam3
803 2579 879 2648 et
926 2571 1188 2667 aliquis
1236 2592 1281 2647 e
1341 2591 1700 2647 converso
1769 2572 1986 2647 habet
2051 2571 2430 2647 scientiam
2488 2573 2681 2668 juris
2752 2573 2881 2666 qui

527 2714 676 2770 non
726 2693 948 2768 habet
995 2692 1492 2769 autoritatem.
1545 2691 1916 2768 Antoritas
1966 2671 2146 2790 ergo
2193 2691 2351 2767 sine
2389 2693 2691 2768 scientia
2728 2713 2875 2767 non

526 2819 766 2910 potest
814 2813 1040 2909 accipi
1100 2813 1257 2889 siue
1311 2821 1636 2910 peccato,
1698 2813 1826 2888 sed
1891 2812 2192 2890 scientia
2260 2813 2417 2888 sine
2478 2814 2873 2890 autoritate

525 2934 717 3010 bene
767 2939 1002 3030 potest
1051 2933 1305 3008 haberi
1356 2933 1512 3008 sine
1553 2939 1878 3029 peccato.
1915 2934 2004 3008 Et
2037 2932 2350 3008 ostendit
2386 2933 2873 3008 differentiam

525 3055 870 3150 clavium,
905 3055 1183 3130 dicens:
1209 3050 1338 3148 pici
1385 3075 1564 3129 cara
1613 3049 1656 3128 e*
1699 3056 1745 3128 l'
1769 3075 1941 3146 una,
1983 3053 2253 3130 scilicet
2302 3075 2559 3150 aurea,
2596 3062 2874 3149 quanto

525 3197 802 3251 aurum
853 3183 961 3250 est
1010 3175 1256 3251 carius
1287 3181 1638 3273 argent03
1673 3196 1794 3250 ma
1843 3177 2132 3266 l'alera,
2173 3173 2445 3250 scilicet
2494 3181 2871 3273 argentea,

527 3299 692 3370 vuol
736 3303 990 3389 trappa
1042 3298 1111 3370 α’
1137 3303 1294 3370 arce
1354 3315 1393 3368 e
1457 3297 1526 3370 α’
1550 3297 1879 3386 inyeyno,
1939 3293 2112 3388 quia
2176 3315 2362 3390 opus
2425 3302 2537 3372 est
2600 3317 2871 3392 magno

523 3417 766 3495 studio
815 3424 892 3494 et
939 3416 1232 3514 ingenio
1265 3416 1358 3492 ad
1401 3415 1812 3492 habendam
1847 3415 2223 3515 scientiam
2270 3423 2471 3493 recte
2497 3416 2873 3514 judicandi

524 3540 618 3615 de
665 3538 1054 3613 animabus
1103 3536 1488 3613 hominum
1551 3544 1628 3612 et
1685 3536 2162 3632 conscientiis,
2230 3537 2427 3633 quod
2492 3542 2602 3613 est
2659 3536 2873 3613 valde

525 3658 862 3754 difficile3
914 3662 1158 3733 avanti
1203 3660 1322 3733 cloe
1370 3660 1689 3750 disserri,
1739 3657 1924 3733 idest
1972 3657 2296 3753 aperiat3
2339 3664 2414 3732 et
2462 3678 2637 3733 ecce
2689 3678 2873 3733 cau-

525 3802 708 3876 sam,
753 3782 989 3874 percla’
1013 3782 1148 3853 ella
1197 3774 1240 3853 e*
1286 3780 1514 3870 quella
1545 3779 1666 3852 che
1697 3780 1750 3851 ’I
1802 3778 1990 3851 nodo
2025 3780 2441 3871 disyroppa‚
2482 3777 2689 3873 idest,
2724 3778 2871 3853 dis-

525 3900 736 3976 solvit
771 3900 1045 3975 nodum
1085 3898 1398 3994 peccati3
1441 3904 1678 3993 potest
1715 3904 1959 3973 tamen
1994 3896 2332 3973 discretio
2367 3904 2443 3973 et
2476 3896 2657 3973 fides
2688 3918 2869 3974 con-

523 4021 788 4098 fitentis
819 4022 1160 4117 supplere
1193 4019 1682 4117 ignorantiam
1716 4018 2133 4095 sacerdotis.
2167 4020 2255 4093 Et
2288 4018 2599 4095 ostendit
2632 4040 2677 4094 a
2712 4041 2865 4114 quo

523 4142 788 4217 babeat
821 4142 1048 4217 dictas
1081 4142 1346 4235 claves,
1381 4140 1660 4216 dicens:
1695 4143 1794 4215 da
1819 4144 1985 4215 Pier
2018 4141 2080 4212 le
2111 4146 2343 4232 tenqo,
2376 4139 2581 4236 idoet,
2616 4162 2663 4216 a
2694 4140 2869 4217 sede

521 4262 936 4358 apostolica,
971 4261 1184 4337 cuius
1225 4262 1558 4358 princeps
1593 4267 1704 4335 est
1735 4260 2022 4355 Petrus»,
2057 4258 2233 4354 quia
2266 4258 2363 4333 ab
2396 4260 2701 4336 ecclesia
2744 4280 2867 4335 sa-

521 4382 778 4457 cerdos
828 4382 1050 4457 habet
1089 4402 1380 4457 sacram
1415 4380 1792 4457 scientiam
1833 4400 1982 4474 qua
2015 4379 2152 4457 scit
2184 4380 2589 4475 absolvere,
2624 4387 2697 4454 et
2732 4382 2866 4455 ha-

519 4502 640 4579 bet
689 4502 1164 4579 autoritatem
1217 4522 1368 4598 qua
1401 4507 1638 4598 potest
1675 4502 2080 4577 absolvere.
2117 4502 2207 4575 Et
2240 4500 2481 4576 subdit
2520 4500 2861 4577 sacerdos

519 4630 966 4722 proeceptum
1019 4622 1217 4699 Petri
1252 4622 1546 4699 dicens:
1597 4628 1674 4697 et
1719 4622 1842 4697 ille
1890 4623 2176 4717 Petrus,
2218 4624 2523 4713 dns-senti,
2568 4622 2863 4717 quando

519 4743 884 4823 commisit
915 4743 1094 4821 mibi
1125 4743 1454 4819 officium
1489 4742 1836 4838 clavium,
1870 4746 1970 4819 cla'
1994 4746 2066 4817 io
2105 4746 2257 4817 ωτι·
2292 4746 2465 4817 anzi
2494 4746 2597 4817 ad
2626 4746 2859 4836 apt-ir,

519 4868 618 4941 οἵ
643 4889 694 4941 α
743 4868 1010 4941 tenet-la
1055 4872 1359 4941 serrata.
1413 4864 1556 4941 Per
1607 4865 1746 4940 hoc
1797 4871 2002 4969 notat
2035 4863 2233 4960 quod
2269 4864 2611 4941 sacerdos
2648 4864 2869 4941 debet

641 5127 698 5193 (²)
731 5128 793 5179 Ε.
819 5128 1013 5193 iustum
1040 5127 1420 5179 >amotionem
1451 5132 1506 5179 et
1536 5128 1906 5192 ponit-unm.
