4392 6850
1477 953 1616 1019 196
2191 959 2600 1018 commu
2648 959 3090 1016 PURGAToml

1471 1115 1546 1184 et
1593 1105 1962 1182 interdum
2013 1106 2480 1202 amplectitur
2526 1125 2797 1203 genua,
2848 1111 2932 1179 ut
2988 1104 3239 1180 scribit
3294 1107 3683 1182 Homerus,
3711 1145 3805 1161 —

1479 1233 1541 1302 O
1600 1230 1856 1319 qloria.
1919 1226 2051 1300 Hic
2115 1236 2332 1322 poeta
2390 1225 2621 1321 posita
2682 1225 3179 1322 gratulatione
3244 1225 3543 1323 Virgilii,
3614 1225 3808 1320 ponit

1469 1347 1936 1445 magnificam
1987 1346 2397 1421 orationem
2434 1345 2626 1421 illius
2661 1345 3111 1442 magnanimi
3157 1366 3383 1441 super
3429 1365 3807 1423 commen·

1467 1469 1838 1544 dationem
1873 1466 2165 1564 Virgilii.
2204 1467 2294 1540 Et
2336 1465 2429 1542 ad
2482 1465 2703 1542 huius
2742 1467 2910 1541 altae
2943 1465 3597 1542 commendationis
3631 1487 3805 1542 con-

1469 1589 1983 1683 firmationem,
2044 1586 2160 1662 hic
2224 1594 2377 1662 tota
2406 1580 2479 1680 (¹)
2553 1595 2801 1661 mente
2864 1585 3267 1682 considera,
3333 1587 3531 1682 quod
3594 1593 3807 1683 poeta

1470 1718 1718 1785 noster
1783 1708 2205 1806 dignissime
2252 1707 2669 1804 prorumpit
2726 1707 2800 1781 in
2867 1693 3163 1803 laudem
3224 1707 3802 1784 excellentissimi

1468 1828 1768 1927 Virgilii,
1821 1829 1913 1903 de
1961 1828 2174 1903 cuius
2224 1828 2511 1923 copiosa
2564 1827 2980 1922 eloquentia
3033 1827 3394 1902 mirabilia
3436 1827 3607 1902 dicit
3653 1827 3805 1901 Ma-

1469 1950 1760 2024 crobius
1810 1949 1869 2022 V
1910 1947 2436 2042 Saturnalium,
2469 1948 2757 2023 dicens:
2802 1951 3168 2022 Facundia
3207 1952 3579 2023 Mantuani
3628 1951 3805 2022 mul-

1469 2072 1682 2162 tiplex
1745 2074 1812 2141 et
1869 2070 2311 2162 multiformis
2375 2074 2501 2158 est,
2577 2075 2643 2141 el
2713 2069 2986 2141 dicendi
3047 2089 3267 2160 glenus
3340 2089 3545 2142 omne
3615 2061 3806 2142 com-

1463 2190 1800 2281 plectitur.
1844 2187 2184 2284 Virgilius
2220 2208 2547 2282 namque
2580 2187 3075 2281 eloquentiam
3130 2209 3223 2263 ex
3275 2188 3478 2262 omni
3526 2207 3804 2284 genere

1467 2307 1760 2384 dicendi.
1819 2307 2176 2382 conflavit.
2227 2309 2561 2396 Quatuor
2637 2307 2833 2382 enim
2911 2314 3084 2382 sunt
3156 2327 3434 2405 genera
3497 2308 3800 2403 dicendi,

1468 2428 1739 2504 scilicet
1796 2427 2198 2522 copiosum,
2234 2427 2309 2502 in
2370 2449 2519 2524 quo
2578 2427 2834 2504 Cicero
2893 2428 3364 2524 dominatur3
3427 2428 3675 2523 breve,
3726 2428 3797 2504 in

1468 2569 1620 2644 quo
1684 2547 2041 2622 Salustius
2091 2555 2389 2646 regnat3
2440 2548 2740 2642 siccum,
2797 2547 2996 2642 quod
3053 2547 3403 2623 Frontoni
3448 2547 3797 2622 adscribi-

1468 2677 1623 2765 tur3
1668 2668 1941 2766 pingue
1992 2675 2064 2742 et
2116 2666 2481 2763 floridum,
2517 2668 2589 2741 in
2653 2689 2803 2763 quo
2856 2667 3129 2742 Plinius
3179 2669 3621 2744 luxuriatur.
3659 2667 3795 2742 Sed

1463 2790 1660 2885 apud
1711 2791 1748 2862 J
1753 2788 2012 2863 unium
2041 2779 2117 2881 (²)
2172 2789 2546 2863 Maronem
2600 2789 2760 2862 haec
2810 2793 3133 2882 quatuor
3158 2779 3233 2880 (⁸)
3272 2807 3549 2885 genera
3584 2807 3795 2882 repe-

1465 2910 1631 2985 ries,
1667 2910 2000 2984 Fuerunt
2031 2907 2259 2983 etiam
2294 2908 2467 2982 olim
2503 2907 2801 2982 Athenis
2834 2907 3092 2982 decem
3130 2908 3406 2983 nobiles
3438 2915 3785 3002 oratoreS,

1463 3050 1786 3124 quorum
1838 3028 2172 3103 omnium
2232 3028 2454 3125 stylos
2515 3027 2855 3124 Virgilius
2896 3027 3222 3103 imitatus
3274 3034 3421 3122 est3
3484 3049 3575 3102 ex
3629 3028 3789 3122 qui·-

1461 3151 1601 3225 bus
1634 3149 1977 3224 omnihus
2026 3148 2194 3222 fecit
2242 3170 2473 3222 unum
2510 3148 3041 3244 pulcerrimum
3078 3155 3791 3244 temperamentum:

1465 3271 1658 3344 unde
1721 3269 1939 3366 paulo
1991 3269 2176 3342 infra
2224 3269 2433 3344 dicit:
2486 3267 2907 3363 eloquentia
2954 3269 3271 3344 Maronis
3318 3268 3413 3343 ad
3462 3269 3791 3344 omnium

1463 3411 1708 3466 mores
1756 3390 2042 3487 integra
2077 3396 2208 3485 est,
2238 3409 2437 3465 nunc
2471 3388 2737 3483 breviS,
2776 3410 2974 3465 nunc
3006 3389 3322 3487 copiosa,
3357 3411 3553 3466 nunc
3588 3390 3792 3485 sicca,

1460 3532 1658 3585 nunc
1708 3510 1982 3604 florida,
2037 3531 2235 3584 nunc
2284 3508 2505 3583 simul
2554 3508 2824 3584 omnia.
2862 3510 2952 3584 Et
3000 3519 3161 3587 erat
3213 3512 3327 3585 hic
3376 3518 3595 3587 autor
3646 3512 3795 3586 elo-

1459 3630 1776 3725 quentiae
1804 3630 2126 3705 metricae
2164 3649 2342 3705 vere
2376 3628 2829 3705 necessarius
2854 3636 3017 3725 post
3041 3629 3357 3705 Tullium
3394 3630 3791 3727 principem

1459 3751 1893 3847 eloquentiae
1941 3750 2312 3845 prosaicae,
2348 3750 2474 3843 qui
2514 3750 2609 3823 de
2665 3748 2963 3846 Virgilio
3012 3750 3313 3849 egregie
3362 3752 3792 3828 vaticinatus

1457 3881 1614 3969 est3
1685 3893 1853 3947 nam
1925 3892 2097 3946 cum
2166 3869 2459 3946 vidisset
2524 3871 2890 3965 quoddam
2953 3871 3283 3967 juvenile
3352 3874 3790 3969 opusculum

1456 3994 1636 4087 eiuS,
1689 3998 1764 4068 et
1811 3990 2215 4067 admiratus
2266 3990 2717 4085 quaesivisset
2766 3997 3107 4066 autorem
3149 3992 3309 4088 jam
3363 3992 3627 4087 senior,
3682 3992 3789 4067 vi-

1454 4114 1632 4189 dens
1670 4113 2026 4208 juvenem
2079 4110 2258 4184 dixit
2308 4108 2620 4185 verbum
2687 4110 2864 4184 illud
2926 4109 3451 4207 magnificum:
3505 4116 3789 4203 Magmoe

1452 4255 1606 4327 spes
1663 4234 1892 4305 altera
1940 4236 2204 4305 Romae.
2272 4230 2483 4318 Quod
2532 4229 2809 4304 dictum
2860 4228 3195 4305 auditum
3248 4252 3340 4306 ex
3392 4252 3526 4306 ore
3576 4230 3781 4305 Tullii

1454 4357 1736 4428 tantum
1804 4350 2074 4446 placuit
2139 4348 2435 4446 Virgilio
2505 4348 2703 4444 quod
2770 4356 2933 4445 post
2996 4370 3228 4425 annos
3294 4350 3569 4448 viginti,
3629 4350 3783 4445 Jam

1454 4479 1749 4545 mortuo
1797 4470 2051 4563 Tullio,
2105 4469 2413 4544 inseruit
2463 4469 2668 4565 operi
2719 4489 2879 4544 suo.
2932 4468 3137 4544 Sicut
3178 4491 3361 4568 ergo
3395 4470 3673 4545 Tullius
3716 4470 3787 4543 in

1450 4590 1818 4685 oratoria,
1851 4591 1951 4665 ita
2019 4589 2359 4687 Virgilius
2410 4589 2485 4664 in
2534 4588 2846 4684 poetica‘
2870 4590 3191 4685 palmam
3252 4590 3439 4685 tulit,
3489 4590 3583 4666 de
3632 4610 3783 4684 quo

1448 4710 1870 4805 Propertius
1931 4731 2078 4785 non
2129 4708 2373 4784 timuit
2432 4708 2724 4784 dicere:
2784 4712 3008 4785 cedite
3054 4713 3344 4784 romani
3376 4712 3785 4803 scriptores,

1448 4830 1658 4905 cedite
1713 4834 1944 4924 Graii,
2025 4835 2271 4905 Nescio
2346 4832 2515 4922 quid
2586 4832 2812 4905 maius
2860 4832 3174 4905 nascimr
3245 4833 3485 4906 Iliade.
3548 4832 3637 4905 Et
3692 4852 3787 4907 ne

1571 5014 1624 5076 (¹)
1659 5017 1767 5074 11⁷,
1802 5018 1938 5075 nota,
1971 5020 2027 5065 et
2059 5019 2168 5067 tota
2197 5018 2389 5066 mente.
2796 5011 2850 5076 (³)
2882 5014 2943 5065 Β.
2975 5014 3111 5079 apud
3142 5028 3308 5065 unum
3340 5014 3628 5067 Maronem.

1568 5090 1624 5154 (⁸)
1655 5095 1764 5153 11⁷,
1797 5092 1968 5143 omnin
1999 5097 2242 5157 quatuor.
