4392 6850
1446 988 1724 1045 CANTUs
1772 989 2061 1045 SEXTUS.
2748 983 2755 996 '
2794 977 2927 1044 171

579 1133 760 1210 ban't
807 1155 888 1211 se
935 1135 1012 1209 in
1035 1135 1382 1229 'caste110,
1419 1134 1617 1230 quod
1648 1134 1916 1244 dicitur
1963 1135 2297 1210 Rondine
2346 1134 2420 1209 in
2472 1135 2676 1210 Valle
2724 1135 2932 1230 Arni,

582 1255 936 1350 equitavit
983 1262 1240 1330 contra
1289 1254 1499 1350 illos3
1553 1264 1630 1330 et
1679 1276 1851 1330 cum
1903 1263 2483 1352 persequeretur
2544 1257 2929 1351 quosdam,

583 1396 822 1471 equus
872 1375 1076 1451 fortis
1127 1376 1646 1472 transportavit
1697 1377 1936 1472 ipsum
1989 1377 2062 1451 in
2121 1377 2436 1472 Arnum,
2488 1383 2563 1452 et
2612 1377 2931 1452 suffoca-

583 1503 704 1600 tus
751 1503 860 1572 est
909 1497 984 1570 in
1034 1496 1356 1591 quodam
1394 1497 1676 1593 pelago.
1716 1497 1942 1572 Cuius
1982 1517 2251 1593 corpus
2292 1497 2460 1573 inde
2510 1505 2929 1580 extractum

577 1615 844 1691 Bostoli
893 1615 1291 1692 ludibriose
1329 1616 1727 1714 sagiptasse
1766 1616 2158 1710 dicuntur3
2212 1623 2661 1713 quapropter
2712 1638 2923 1693 acer-

575 1735 758 1810 bum
809 1735 1062 1810 odium
1115 1744 1375 1812 natum
1427 1744 1538 1812 est
1587 1737 1776 1812 inter
1826 1744 2092 1832 partes.
2135 1736 2323 1812 Dicit
2370 1757 2552 1834 ergo
2604 1739 2831 1812 bene:
2886 1759 2924 1810 e

576 1857 622 1930 ἴ
647 1859 864 1949 altro,
914 1856 1212 1951 scilicet,
1261 1856 1612 1952 aretinus,
1647 1859 1766 1930 che
1815 1851 2118 1948 anneyc),
2161 1855 2457 1950 scilicet,
2497 1855 2573 1929 in
2624 1857 2927 1932 flumine

577 1975 782 2072 Arni,
835 1981 1184 2052 com-endo
1231 1981 1308 2051 in
1356 1981 1620 2070 cancia,
1653 1977 1834 2051 dum
1886 1981 2462 2072 persequeretur
2502 1977 2769 2069 hosteS,
2809 1975 2926 2050 vel

579 2096 681 2172 illi
745 2117 943 2174 eum.
988 2139 1088 2152 —
1127 2101 1352 2188 Quivi.
1413 2098 1545 2173 Hic
1606 2103 1821 2194 poeta
1885 2096 2216 2171 nominat
2279 2094 2507 2169 alium
2566 2095 2923 2190 juvenem

577 2217 900 2292 nobilem
955 2226 1031 2292 et
1079 2225 1490 2294 strenuum.
1543 2218 1708 2313 Iste,
1745 2224 1829 2292 ut
1877 2216 2022 2292 cito
2071 2215 2338 2310 dicam,
2373 2215 2509 2289 fuit
2560 2214 2751 2289 filius
2791 2215 2925 2290 do-

581 2336 760 2411 mini
809 2337 1160 2412 Gnidonis
1205 2339 1487 2414 Novelli
1535 2339 1631 2413 de
1679 2337 2068 2414 comitibus
2118 2335 2574 2410 Guidonibus
2634 2335 2731 2410 de
2786 2335 2927 2410 Ca-

579 2455 887 2551 sentino,
941 2479 1164 2552 quem
1219 2457 1478 2533 occidit
1529 2457 1826 2553 quidam
1878 2456 2331 2551 Fumaiolu3‚
2389 2457 2508 2531 vel
2571 2455 2925 2531 Fornaio-

575 2576 693 2650 lus
743 2576 934 2652 filius
977 2578 1252 2652 domini
1277 2578 1552 2653 Alberti
1579 2578 1672 2653 de
1715 2578 2020 2653 Bostolis
2054 2577 2435 2673 praedictis.
2476 2577 2660 2652 Dicit
2700 2598 2915 2674 ergo:

576 2701 918 2791 Fedaem'yo
967 2702 1257 2774 Novello
1295 2719 1625 2792 preyava
1687 2703 1900 2790 quivi,
1953 2699 2144 2773 inter
2171 2691 2245 2791 (¹)
2308 2698 2490 2774 alios
2552 2704 2919 2794 roganteS,

577 2839 707 2893 con
757 2822 819 2892 le
869 2822 1066 2892 mani
1129 2826 1388 2912 sporte,
1455 2818 1660 2913 idest,
1720 2819 2080 2914 expansis»,
2133 2825 2219 2892 ut
2282 2837 2627 2914 rogarem
2696 2817 2917 2892 etiam

576 2961 710 3036 pro
787 2961 899 3016 eo.
969 2940 1056 3013 Et
1131 2961 1276 3014 non
1343 2939 1624 3034 credas,
1693 2939 1891 3034 quod
1957 2945 2176 3013 autor
2245 2939 2732 3013 nominaverit
2797 2937 2913 3012 hic

575 3060 796 3134 istum
852 3063 1206 3156 Juvenem
1259 3061 1392 3135 nisi
1464 3060 1659 3155 quia,
1711 3059 1898 3135 sicut
1961 3067 2038 3134 et
2111 3059 2233 3134 ille
2297 3059 2389 3133 de
2464 3060 2683 3134 Petra
2731 3059 2915 3133 Mala

575 3181 708 3255 fuit
740 3182 1062 3256 multum
1113 3183 1410 3277 probus,
1446 3181 1536 3254 Et
1587 3181 1815 3278 tangit
1860 3179 2090 3254 alium
2127 3173 2527 3274 quemdam
2581 3179 2916 3274 spiritum

573 3302 932 3397 pisanum,
971 3323 1118 3377 non
1175 3309 1460 3376 tantum
1516 3309 1597 3375 ut
1647 3301 1862 3376 faciat
1899 3300 2351 3376 mentionem
2394 3301 2487 3376 de
2528 3321 2641 3394 e0,
2678 3320 2920 3394 quan-

572 3430 732 3499 tum
797 3431 884 3497 ut
953 3424 1170 3499 faciat
1231 3423 1942 3499 commendationem
1994 3421 2087 3497 de
2147 3429 2357 3517 patre
2428 3421 2607 3497 eins,
2662 3421 2749 3494 Et
2798 3420 2917 3495 bic

570 3545 738 3619 volo
815 3550 890 3619 te
955 3550 1236 3640 notare,
1301 3545 1500 3639 quod
1559 3544 1852 3619 invenio
1909 3542 2405 3618 communiter
2468 3542 2739 3616 multos
2800 3541 2911 3616 di-

569 3670 848 3759 centes,
909 3665 1108 3759 quod
1173 3664 1309 3740 iste
1371 3664 1508 3740 fuit
1571 3664 1760 3739 alter
1824 3664 2218 3738 Federicus
2285 3662 2613 3759 pisanuS,
2682 3684 2905 3756 quem

567 3783 1030 3859 Marciucbus
1094 3791 1302 3880 pater
1351 3784 1626 3859 domini
1677 3785 2022 3859 lobannis
2084 3781 2539 3880 Scornigiani
2608 3782 2909 3857 terribili

567 3904 717 3979 ictu
776 3904 1159 3997 interfecit,
1229 3904 1404 3999 quia
1465 3905 1587 3979 ille
1643 3906 1940 4001 pisanus
2005 3903 2370 3979 occiderat
2428 3902 2659 3976 filium
2731 3903 2912 3977 eius.

565 4024 718 4121 Ego
770 4032 1020 4099 tamen
1069 4025 1316 4100 audivi
1349 4048 1394 4101 a
1437 4026 1631 4100 bono
1665 4025 2002 4100 Boccatio
2043 4024 2138 4099 de
2178 4022 2536 4116 Certaldo,
2580 4022 2701 4095 cui
2746 4023 2907 4115 plus

565 4144 810 4239 cred0,
863 4146 1062 4239 quod
1110 4146 1570 4221 Marciucbus
1635 4145 1770 4219 fuit
1830 4144 2129 4239 quidam
2200 4145 2437 4218 bonus
2488 4142 2601 4215 vir
2668 4140 2743 4215 in
2806 4142 2911 4217 ci-

565 4265 787 4340 vitate
819 4266 1152 4340 Pisarum
1183 4256 1284 4359 (²),
1321 4265 1716 4341 fraticellus
1746 4264 1840 4339 de
1872 4263 2095 4338 domo
2123 4254 2223 4357 (³),
2261 4262 2381 4337 cui
2422 4281 2673 4337 comes
2708 4263 2909 4359 Ugo-

563 4384 754 4460 linus
806 4392 1162 4482 tyrannus
1211 4384 1380 4461 fecit
1421 4384 1744 4459 truncari
1773 4371 1845 4476 (⁴)
1887 4390 2130 4478 caput,
2167 4388 2243 4457 et
2278 4381 2671 4476 mandavit,
2710 4383 2909 4477 quod

564 4526 834 4601 corpus
884 4506 1430 4600 relinqueretur
1477 4505 1946 4599 insepultum.
1987 4502 2127 4577 Sed
2169 4502 2305 4576 iste
2355 4503 2780 4597 paterculus
2814 4503 2907 4579 de

563 4645 730 4701 sero
797 4625 1174 4701 humiliter
1235 4624 1542 4701 accessit
1606 4624 1700 4699 ad
1751 4623 2134 4721 comitem,
2204 4628 2280 4696 et
2348 4622 2550 4695 velut
2610 4622 2907 4716 quidam

563 4750 960 4822 extraneus
986 4739 1086 4840 (ἦ),
1153 4766 1380 4841 quem
1445 4744 1824 4842 negotium
1885 4764 2034 4818 non
2098 4748 2457 4839 tangeret,
2510 4742 2691 4817 dixit
2754 4744 2911 4819 sine

565 4866 928 4964 lacrymis,
979 4867 1136 4942 sine
1193 4866 1441 4961 aliquo
1491 4866 1701 4962 signo
1760 4863 2068 4940 doloris:
2121 4863 2362 4958 Certe,
2422 4862 2739 4956 domine,
2794 4884 2912 4939 es-

685 5056 740 5117 (¹)
774 5056 836 5107 E.
869 5056 1066 5107 scilicet
1095 5056 1250 5106 luter.
1821 5054 1880 5115 (⁸)
1909 5052 1960 5103 S.
1997 5054 2192 5117 pinna.

685 5132 741 5195 (³)
773 5132 834 5183 E.
869 5132 932 5184 de
963 5132 1138 5193 domo,
1172 5132 1322 5183 cuius
1351 5132 1460 5185 filio
1492 5144 1686 5183 comes.
1821 5130 1875 5193 (⁸)
1907 5130 1960 5181 S.
1994 5137 2261 5182 truncare.
2386 5130 2441 5195 (⁸)
2474 5130 2537 5181 Ε.
2568 5133 2829 5179 externus.
