4392 6850
1459 923 1602 991 304
2173 935 2581 991 commun
2630 936 3069 991 punenonu

1453 1102 1690 1179 genus
1742 1080 1978 1155 morbi
2031 1080 2385 1155 naturalis
2431 1080 2769 1155 accidens
2818 1080 3093 1155 homini
3130 1081 3198 1154 in
3242 1088 3455 1157 nocte
3490 1083 3562 1157 in
3598 1102 3793 1156 som-

1451 1202 1596 1295 nio,
1649 1201 1822 1297 quia
1873 1201 2164 1277 videtur
2215 1201 2309 1295 ei,
2360 1208 2445 1277 ut
2492 1202 2715 1275 audio
2764 1201 2859 1275 ab
2908 1202 3251 1297 expertis,
3295 1204 3493 1298 quod
3528 1204 3791 1277 habeat

1451 1328 1688 1397 totum
1745 1322 2104 1395 mundum
2158 1342 2382 1417 super
2432 1343 2537 1415 se,
2572 1329 2648 1397 et
2690 1322 2979 1396 videtur
3018 1322 3363 1397 suffocari
3394 1324 3534 1399 sub
3570 1323 3791 1397 nimio

1450 1441 1774 1536 pondere
1825 1449 1901 1517 et
1951 1448 2259 1515 vocatur
2308 1462 2353 1515 a
2404 1441 2717 1538 physicis
2758 1440 3275 1515 incubus.1llae
3306 1443 3573 1517 animae
3607 1442 3789 1536 dico,

1452 1561 1654 1637 ibant
1720 1565 2146 1653 anyosciate,
2201 1561 2403 1655 idest,
2453 1562 2910 1658 angustiatae,
2964 1565 3457 1655 dispar-mente,
3526 1584 3791 1639 secun-

1451 1682 1630 1755 dum
1683 1683 1847 1776 plus
1897 1689 1970 1756 et
2025 1681 2267 1755 minus
2314 1681 2673 1777 ponderis,
2726 1689 2885 1755 tutte
2932 1704 2981 1755 α
3026 1686 3268 1774 conde,
3320 1684 3493 1777 quia
3532 1680 3789 1759 om'nes

1451 1802 1654 1877 ibant
1695 1802 1769 1875 in
1821 1801 2130 1877 circuitu
2188 1802 2475 1895 montiS,
2526 1825 2565 1875 e
2612 1806 2820 1893 lasse,
2880 1802 3087 1897 idest,
3148 1803 3485 1901 fatigatae,
3534 1827 3619 1879 su
3656 1826 3792 1898 per

1453 1928 1528 1999 la
1567 1928 1810 2017 pm‘ma
1859 1927 2161 2014 cornice,
2212 1923 2419 2017 idest,
2468 1944 2601 2019 per
2662 1923 2983 2018 primum
3053 1924 3441 2019 circulum,
3504 1926 3631 2019 qui
3682 1932 3791 1999 est

1454 2046 1690 2141 prima
1741 2066 1911 2141 pars
1960 2045 2148 2118 illius
2200 2044 2539 2139 cornicis;
2592 2052 2666 2119 et
2714 2044 2922 2119 dicit:
2970 2049 3351 2139 purgando
3392 2049 3464 2119 la
3496 2050 3789 2137 oaliyine

1453 2169 1569 2240 del
1613 2168 1898 2256 mondo,
1949 2165 2153 2258 idest,
2205 2165 2651 2259 superbiam,
2696 2184 2864 2259 quae
2914 2165 3223 2239 offuscat
3276 2173 3597 2241 mentem
3643 2188 3791 2261 prae

1451 2285 1735 2361 caeteris
1799 2284 2010 2377 vitiis,
2071 2284 2245 2379 quia
2296 2284 2486 2358 istud
2547 2284 2805 2359 vitium
2876 2286 3034 2358 vult
3106 2286 3349 2361 facere
3418 2286 3787 2361 hominem

1451 2406 1714 2500 Deum,
1775 2408 1888 2481 vel
1947 2405 2258 2481 similem
2330 2406 2503 2481 Deo,
2532 2410 2763 2479 —Se.
2827 2406 2957 2479 Hic
3018 2413 3230 2501 poeta
3292 2407 3687 2502 persuadet
3716 2400 3788 2498 (¹)

1450 2526 1658 2601 nobis
1711 2526 2018 2601 reddere
2067 2525 2265 2620 piam
2317 2525 2579 2619 vicem,
2632 2525 2903 2599 scilicet
2957 2526 3373 2601 mercedem
3402 2527 3787 2621 ‚duplicem

1449 2668 1586 2741 pro
1635 2645 1804 2719 istis.
1877 2646 2082 2719 Unde
2139 2644 2355 2719 dicit:
2420 2667 2496 2717 se
2553 2648 2628 2719 di
2683 2635 2782 2735 ἰὰ,
2844 2644 3136 2739 scilicet,
3199 2645 3273 2719 in
3336 2646 3787 2743 purgatorie,

1451 2768 1575 2840 ben
1639 2788 1771 2859 per
1839 2770 1960 2839 noi
2029 2768 2094 2837 si
2157 2768 2331 2857 dice,
2400 2765 2695 2859 scilicet,
2769 2766 2865 2839 ab
2940 2766 3109 2861 ipsis
3182 2766 3307 2860 qui
3378 2772 3591 2841 orant
3657 2787 3790 2862 pro

1453 2885 1661 2960 nobis
1717 2906 1892 2959 cum
1943 2872 2233 2959 dicunt:
2286 2892 2353 2957 et
2393 2906 2485 2957 ne
2532 2906 2663 2959 nos
2711 2888 3003 2959 inducas
3017 2912 3047 2979 ,·
3106 2889 3226 2959 che
3280 2889 3345 2959 si
3382 2894 3617 2979 puote,
3684 2886 3793 2959 in—

1454 3007 1899 3103 terrogative
1951 3005 2301 3101 loquitur,
2364 3009 2543 3099 dire,
2620 3006 2913 3099 scilicet,
2964 3007 3265 3100 orando,
3317 3029 3356 3079 e
3396 3011 3551 3103 sar,
3598 3006 3787 3081 sicut

1442 3127 1744 3223 jeiunia,
1797 3126 2299 3219 eleemosinaS,
2336 3124 2957 3222 peregrinationes
2990 3132 3065 3199 et
3109 3126 3418 3220 similia;
3456 3148 3595 3219 per
3644 3131 3788 3218 noi,

1450 3269 1585 3345 pro
1634 3247 2018 3322 animabus
2068 3268 2358 3338 eorum,
2406 3249 2483 3321 di
2528 3266 2695 3337 qua,
2731 3245 3023 3339 scilicet,
3064 3246 3138 3320 in
3183 3246 3459 3320 mundo
3512 3254 3787 3337 nostro,

1448 3372 1546 3456 da
1614 3370 1790 3461 quei,
1843 3366 2134 3460 scilicet,
2177 3366 2417 3462 justis,
2467 3368 2526 3438 c'
2550 3367 2787 3440 hanno
2838 3370 2917 3438 al
2962 3369 3155 3440 voler
3216 3367 3449 3442 buona
3496 3370 3793 3442 radice?

1448 3488 1685 3585 Aliqui
1754 3488 1948 3563 enim
2021 3489 2288 3562 habent
2366 3489 2815 3562 voluntatem
2882 3488 3381 3563 benefaciendi
3457 3488 3787 3582 mortuis,

1449 3631 1772 3706 quorum
1824 3630 2079 3704 preces
2130 3631 2277 3684 non
2331 3614 2712 3682 merentur
2758 3608 3326 3684 exauditionem.
3362 3611 3452 3684 Et
3491 3631 3791 3705 respou-

1447 3731 1571 3806 det
1635 3729 1791 3822 sibi,
1862 3729 2151 3804 dicens:
2220 3730 2349 3801 ben
2404 3733 2467 3802 si
2530 3731 2654 3802 dee
2714 3732 2905 3802 aitar
2971 3732 3184 3803 lavar
3250 3732 3314 3803 le
3374 3737 3532 3803 note
3604 3733 3786 3820 lore,

1449 3850 1632 3924 idest
1657 3842 1760 3942 (²),
1811 3850 2038 3945 signa,
2091 3849 2387 3944 scilicet,
2434 3855 2729 3943 peccata
2768 3848 3125 3943 mortalia,
3166 3852 3285 3922 che
3326 3857 3617 3942 ρον-ίαν,
3650 3849 3786 3924 sci-

1448 3973 1637 4066 licet,
1691 3973 1763 4046 in
1815 3971 2054 4046 fronte
2093 3970 2411 4066 signatas
2443 3991 2490 4045 a
2531 3971 2929 4064 sacerdote,
2966 3974 3217 4062 quinci,
3253 3971 3459 4064 idest,
3499 3971 3595 4045 ab
3652 3973 3783 4044 hoc

1449 4094 1734 4186 seculo;
1783 4085 1844 4164 si
1905 4093 2022 4164 clae
2071 4093 2347 4182 mendi,
2385 4089 2589 4183 idest,
2642 4090 2969 4164 mundati
3020 4098 3096 4166 et
3150 4091 3438 4188 purgati
3495 4092 3591 4166 ab
3638 4090 3785 4165 istis

1449 4214 1780 4306 maculiS,
1831 4235 1868 4286 e
1931 4215 2110 4301 lievi,
2166 4211 2369 4304 idest,
2420 4211 2733 4285 alleviati
2794 4211 3116 4305 pondere
3180 4233 3555 4305 saxorum,
3616 4233 3787 4304 pos-

1449 4355 1626 4408 sano
1686 4336 1913 4406 uscire
1971 4335 2107 4404 alle
2154 4334 2416 4404 stellace
2463 4337 2640 4420 rote,
2692 4330 2895 4424 idest,
2947 4331 3039 4405 ad
3101 4352 3351 4425 speras
3401 4332 3785 4406 coelorum.

1597 4455 1789 4526 Dela!
1827 4475 1903 4524 se
1941 4455 2288 4542 mustizia.
2342 4452 2481 4524 Ista
2534 4458 2644 4525 est
2694 4450 3013 4526 secunda
3066 4473 3236 4545 pars
3284 4451 3671 4548 generalis,
3716 4451 3789 4523 in

1451 4597 1596 4671 qua
1648 4580 1861 4669 poeta
1913 4571 2307 4648 introducit
2343 4592 2577 4644 unum
2614 4570 2951 4666 spiritum
2988 4570 3425 4645 modernum
3464 4571 3587 4664 qui
3626 4569 3791 4644 sue-

1449 4702 1563 4770 rat
1611 4693 1973 4790 superbus
2035 4692 2319 4767 ratione
2380 4691 2887 4788 generositatis
2946 4691 3339 4788 sanguinis.
3406 4692 3494 4764 Et
3552 4690 3791 4786 primo

1448 4820 1654 4916 fingit
1717 4819 1912 4913 quod
1966 4818 2306 4914 Virgilius
2357 4824 2569 4914 rogat
2628 4818 2931 4890 umbras
2994 4815 3067 4890 in
3125 4816 3453 4928 generali
3516 4823 3598 4890 ut
3661 4814 3793 4889 do-

1573 5067 1628 5129 (')
1662 5067 1723 5118 E.
1755 5069 1952 5118 suadet.
2224 5066 2279 5130 (³)
2312 5069 2373 5118 Ε.
2408 5070 2539 5120 idest
2570 5070 2815 5130 maculas,
2849 5069 3043 5121 scilicet
3076 5075 3286 5134 peccata
3314 5083 3501 5120 eorum
3532 5070 3787 5122 mortalia.
