4392 6850
1493 898 1637 966 514
2215 908 2620 965 confirmem
2671 910 3109 965 ruam-roan

1493 1055 1775 1151 spicere
1824 1056 2124 1149 coelum,
2159 1074 2332 1129 cum
2377 1061 2644 1129 natura
2678 1061 2946 1129 caetera
2979 1054 3322 1131 animalia
3357 1054 3707 1131 abiecerit
3737 1055 3833 1130 ad

1491 1180 1819 1271 pastum:
1872 1174 1975 1249 sic
2025 1195 2207 1271 ergo
2261 1175 2465 1269 peior
2517 1182 2626 1249 est
2677 1196 2898 1268 quem
2937 1175 3152 1271 culpa
3187 1176 3533 1271 maculat,
3575 1196 3668 1251 eo
3702 1176 3830 1271 qui

1488 1303 1775 1371 naturae
1845 1295 2033 1390 parit
2060 1288 2134 1388 (¹)
2205 1295 2533 1392 imperio.
2606 1296 2692 1369 Et
2749 1296 3008 1370 eodem
3061 1296 3296 1371 modo
3359 1296 3574 1371 dicit:
3642 1318 3834 1370 come

1488 1419 1819 1513 avarizia
1842 1437 2084 1509 ,spensa
2104 1418 2162 1488 il
2180 1422 2426 1488 nostro
2449 1435 2738 1507 amore,-
2763 1436 2934 1490 nam
2967 1414 3295 1491 avaritiae
3329 1416 3562 1512 frigus
3593 1416 3834 1491 extin-

1489 1538 1650 1635 guit
1700 1557 1999 1611 omnem
2034 1556 2370 1611 amorem
2423 1542 2498 1611 et
2547 1556 2844 1611 omnem
2881 1537 3225 1611 ardorem
3263 1538 3616 1612 caritatis:
3651 1540 3834 1611 onde

1491 1680 1757 1752 θρα-αν
1800 1654 2106 1751 ρενάἐεὶ,
2148 1678 2371 1733 omne
2405 1656 2726 1751 bonum;
2767 1648 2909 1731 cosi
2955 1660 3282 1749 qiusu'zia
3331 1662 3450 1751 qui
3493 1662 3714 1733 sireni
3743 1680 3832 1731 ne

1490 1784 1665 1853 tiene
1710 1782 1826 1853 nei
1854 1780 2025 1872 pedi
2070 1801 2109 1852 e
2156 1780 2330 1853 nelle
2379 1797 2548 1850 man
2586 1780 2798 1868 leyati
2827 1800 2866 1851 e
2901 1780 3114 1871 presi.
3151 1778 3240 1852 Et
3275 1779 3389 1854 hic
3425 1786 3598 1854 nota
3633 1779 3832 1873 quod

1490 1899 1684 1974 istud
1734 1898 2057 1973 maxime
2106 1898 2334 1995 tangit
2385 1898 2622 1993 ipsum
2676 1896 3092 1993 pontificem
3147 1898 3274 1994 qui
3325 1898 3616 1973 infinitis
3663 1920 3831 1975 cre-

1489 2019 1844 2097 ditoribus
1893 2025 2006 2094 est
2054 2020 2436 2117 obligatus
2489 2019 2659 2093 Ideo
2711 2018 2900 2093 bene
2961 2018 3362 2115 Gregorius
3413 2021 3702 2095 vocavit
3749 2040 3834 2095 se

1490 2162 1789 2216 servum
1853 2160 2242 2215 servorum
2305 2138 2458 2234 Dei,
2511 2138 2636 2232 qui
2669 2129 2743 2231 (²)
2809 2139 3028 2214 habet
3096 2139 3404 2215 reddere
3465 2141 3830 2215 rationem

1488 2261 1801 2337 Domino
1862 2260 2198 2336 omnium
2265 2260 2770 2353 ecclesiarum,
2831 2261 3063 2334 immo
3143 2261 3478 2335 omnium
3546 2262 3833 2337 anima-

1488 2403 1655 2457 rum
1712 2402 1881 2477 quae
1931 2387 2247 2476 pereunt
2297 2380 2738 2477 negligentia
2797 2400 2954 2455 sua.
3007 2381 3202 2476 Ergo
3253 2388 3831 2476 quantumcum-

1488 2522 1639 2597 que
1689 2500 1813 2595 qui
1868 2501 2163 2597 eligitur
2207 2520 2392 2596 papa
2447 2500 2536 2574 sit
2584 2499 2980 2574 ditissimus
3013 2499 3256 2574 statim
3293 2500 3612 2575 efficitur
3645 2521 3832 2596 pau-

1491 2620 1879 2717 perrimus,
1934 2622 2022 2695 Et
2070 2620 2438 2695 concludit
2470 2619 2869 2695 Adrianus:
2912 2642 2951 2693 e
3001 2628 3260 2713 quanto
3293 2623 3398 2714 fia
3431 2624 3674 2715 piacet·
3717 2624 3836 2695 del

1486 2746 1714 2833 yiusto
1762 2744 1931 2830 sire,
2000 2740 2206 2834 idest,
2260 2739 2612 2834 quamdiu
2674 2740 2984 2836 placebit
3042 2741 3196 2816 Deo
3249 2743 3451 2838 justo
3507 2742 3828 2833 domino,

1489 2868 1681 2935 tanto
1730 2868 2036 2934 staremo
2084 2858 2419 2933 immobili
2465 2880 2503 2931 e
2549 2863 2815 2953 sospes-i
2825 2886 2855 2953 ,·
2905 2861 3046 2934 sub
3097 2880 3246 2955 spe.

1641 2985 1721 3055 Io
1762 2985 1854 3054 m’
1879 3003 2029 3055 era.
2066 2981 2209 3055 Ista
2243 2987 2354 3055 est
2387 2989 2651 3074 quarta
2687 2989 2762 3055 et
2801 2981 3054 3057 ultima
3092 3002 3285 3077 parS,
3320 2983 3392 3056 in
3433 3004 3582 3077 qua
3615 2990 3829 3078 poeta

1489 3107 1827 3177 removet
1882 3121 2106 3175 unam
2157 3099 2682 3176 dubitationem
2737 3101 2931 3175 circa
2981 3100 3261 3176 dictum
3295 3102 3655 3197 spiritum,
3689 3102 3831 3177 sci-

1491 3221 1679 3315 licet,
1732 3228 1983 3295 utrum
2040 3220 2350 3318 dignitas
2415 3220 2838 3315 temporalis
2901 3220 3198 3296 finiatur
3257 3227 3498 3297 morte
3546 3229 3832 3319 tempo—

1488 3340 1643 3415 rali.
1698 3342 1787 3415 Et
1838 3340 2041 3438 fingit
2093 3340 2330 3436 primo
2383 3339 2580 3436 quod
2633 3340 2865 3415 voluit
2913 3342 3408 3438 procumbere
3469 3342 3560 3417 ad
3611 3342 3832 3439 pedes

1488 3461 1671 3556 eiuS‚
1724 3468 1798 3535 et
1846 3460 2083 3558 ipsum
2140 3461 2468 3536 revereri
2521 3461 2924 3536 secundum
2971 3462 3412 3558 exigentiam
3465 3463 3834 3538 altissimae

1487 3581 1891 3678 dignitatis3
1955 3581 2151 3657 unde
2211 3581 2427 3657 dicit:
2491 3585 2574 3656 Io
2641 3585 2732 3654 m'
2759 3603 2890 3656 era
2942 3582 3471 3677 inyinocchiato,
3531 3605 3570 3656 e
3633 3589 3832 3659 volea

1490 3705 1670 3797 dire,
1706 3704 1797 3779 ad
1852 3703 2400 3779 excusationem
2445 3723 2733 3778 meam:
2790 3703 3254 3780 Sanctissime
3307 3706 3546 3798 Pater,
3581 3712 3832 3800 parcat

1490 3825 1833 3898 sanctitas
1884 3831 2125 3900 vestra
2166 3826 2390 3920 justae
2439 3825 2870 3922 ignorantiae
2925 3845 3135 3920 meae,
3189 3826 3364 3920 quia
3415 3825 3826 3901 nesciebam

1489 3965 1623 4018 vos
1676 3963 1837 4019 esse
1887 3964 2173 4040 papam.
2227 3943 2432 4020 Unde
2481 3951 2651 4019 nota
2706 3945 2904 4040 quod
2953 3945 3130 4019 nulli
3165 3944 3357 4019 inter
3405 3944 3830 4020 christianos

1490 4065 1883 4140 exhibetur
1920 4065 2346 4140 reverentia
2399 4065 2658 4158 maior,
2701 4071 3392 4160 quantumcumque
3430 4064 3550 4139 ille
3599 4065 3692 4138 sit
3723 4065 3832 4137 vi-

1488 4183 1803 4258 lissimus
1853 4183 1971 4259 vel
2024 4184 2566 4279 vitiosissimus3
2609 4183 2806 4278 quod
2843 4205 2975 4280 pro
3013 4184 3371 4260 miraculo
3423 4184 3736 4259 babetur
3781 4205 3828 4258 a

1490 4305 1761 4379 multis,
1815 4304 1969 4379 Hoc
2018 4311 2272 4379 autem
2324 4303 2700 4400 eleganter
2751 4304 2988 4401 tetigit
3045 4305 3162 4379 hic
3211 4312 3425 4400 poeta
3475 4305 3706 4379 semel
3755 4304 3830 4378 in

1489 4424 1783 4500 ‘civitate
1832 4426 2163 4499 Veronae.
2200 4424 2386 4498 Nam
2437 4443 2610 4498 cum
2663 4423 2760 4497 ibi
2813 4431 3144 4499 coenaret
3183 4445 3356 4499 cum
3391 4424 3828 4520 quibusdam

1490 4544 2065 4619 honoratissimis
2116 4544 2313 4638 viris,
2367 4564 2562 4618 unus
2612 4544 2949 4620 curiosus
2999 4544 3240 4640 petiit:
3295 4545 3500 4619 Unde
3549 4551 3683 4639 est,
3719 4545 3832 4619 vir

1482 4665 1919 4760 doctissime,
1990 4665 2187 4760 quod
2240 4665 2353 4737 vir
2427 4664 2654 4741 semel
2734 4665 3138 4763 naufragus
3207 4665 3514 4740 reintrat
3589 4685 3829 4760 mare;

1484 4783 1682 4879 quod
1716 4781 1721 4788 '
1750 4785 2017 4859 mulier
2080 4785 2308 4860 semel
2377 4805 2742 4880 puerpera
2809 4787 2968 4859 vult
3031 4784 3343 4881 amplius
3410 4786 3828 4882 concipere3

1612 5042 1670 5106 (¹)
1699 5041 1761 5092 E·
1792 5045 1955 5104 paret.
2835 5041 2892 5106 (²)
2926 5044 2988 5095 E.
3017 5043 3156 5108 quia.
