4392 6850
1409 949 1720 1004 -οΑΝΤυε
1767 951 2156 1006 SECUNDUS.
2869 941 2993 1006 57⁸

613 1095 782 1170 dicti
851 1094 1170 1188 luminiS,
1243 1093 1535 1168 dicens:
1607 1096 1736 1168 dal
1794 1098 1986 1186 qual,
2058 1096 2333 1171 scilicet
2394 1096 2694 1192 lumine,
2758 1097 2961 1192 idest,

613 1215 894 1312 Angelo
943 1214 1332 1308 luminoso,
1382 1217 1653 1288 com'io
1697 1216 1848 1290 ebba·
1901 1220 2182 1290 ritratto
2240 1238 2337 1291 zm
2395 1239 2574 1310 poco
2632 1221 2961 1310 l'occltio,

619 1337 828 1430 idest,
877 1356 1050 1410 cum
1117 1337 1190 1409 in
1256 1356 1487 1431 parvo
1564 1343 1940 1412 momento
2009 1338 2485 1412 removissem
2548 1339 2785 1414 visum
2864 1340 2961 1414 ab

617 1478 737 1551 eo,
801 1463 872 1531 et
945 1457 1470 1531 convertissem
1547 1477 1808 1532 versus
1870 1457 2279 1553 Virgilium,
2347 1481 2481 1551 per
2552 1463 2964 1534 domandar-

619 1582 690 1652 lo
739 1582 918 1652 duca
969 1581 1137 1669 mi0,
1197 1578 1402 1672 idest,
1435 1583 1550 1652 -ut
1611 1577 1934 1652 dicerem
1999 1578 2299 1675 Virgilio
2330 1571 2453 1672 (⁴):
2519 1601 2564 1654 o
2628 1581 2804 1676 quid
2854 1588 2963 1656 est

617 1698 810 1772 istud
863 1704 1014 1771 tam
1077 1697 1454 1772 mirabile!
1507 1701 1750 1772 rividil
1790 1693 1919 1791 piel
1977 1700 2235 1772 lucente
2290 1721 2327 1772 e
2384 1704 2713 1792 maqyior
2754 1705 2959 1796 satec,

617 1827 980 1913 quantum
1043 1818 1135 1892 ad
1197 1818 1435 1892 visum
1501 1817 1660 1892 eius
1718 1825 2016 1912 propter
2077 1819 2808 1914 approximationem.
2874 1822 2963 1894 Et

617 1939 694 2012 in
743 1939 884 2012 hoc
933 1945 1106 2012 nota
1155 1938 1614 2012 velocitatem
1650 1939 1903 2034 Angeli
1947 1938 2072 2032 qui
2127 1939 2201 2012 in
2243 1939 2532 2036 instanti
2580 1947 2961 2013 transcur-

617 2064 818 2132 rerat
872 2079 1220 2154 magnum
1273 2058 1616 2152 spatium,
1667 2058 1766 2132 ita
1817 2058 2012 2152 quod
2068 2079 2293 2153 quem
2343 2060 2547 2154 prius
2595 2059 2875 2134 viderat
2914 2081 2958 2134 a

615 2180 836 2275 longe
883 2178 1405 2274 splendentem,
1447 2179 1688 2252 subito
1753 2178 1927 2252 vidit
1995 2180 2232 2274 ipsum
2294 2181 2386 2255 de
2438 2201 2665 2276 prope
2714 2181 2956 2275 splen-

613 2298 1120 2374 dentissimum
1152 2289 1250 2390 (²).
1281 2337 1380 2352 —·
1403 2301 1558 2372 Poi.
1593 2299 1724 2372 Hic
1757 2305 1972 2394 poeta
2008 2299 2372 2395 descripto
2406 2301 2685 2397 Angelo
2720 2300 2793 2372 in
2826 2321 2961 2398 ge-

614 2419 870 2514 nerali,
925 2439 1119 2493 nunc
1170 2419 1508 2494 describit
1552 2419 1788 2514 ipsum
1841 2419 1916 2493 in
1969 2420 2259 2514 speciali
2303 2427 2661 2514 quantum
2699 2420 2792 2494 ad
2833 2442 2961 2495 or-

616 2560 810 2638 gana
875 2539 1142 2634 quibus
1211 2539 1604 2614 utebatur:
1657 2545 1732 2613 et
1797 2539 1972 2632 quia
2038 2539 2250 2614 litera
2319 2547 2430 2614 est
2497 2539 2825 2635 difficilis,
2888 2541 2960 2614 in

615 2681 912 2735 summa
966 2659 1122 2735 vult
1172 2659 1440 2753 dicere,
1476 2658 1673 2752 quod
1713 2658 1890 2733 vidit
1922 2658 2070 2734 duo
2118 2660 2285 2733 alba
2338 2680 2505 2754 quae
2558 2661 2961 2735 moveban-

619 2789 742 2855 tur
794 2800 839 2853 a
887 2779 1164 2854 dextris
1215 2786 1290 2852 et
1339 2779 1642 2853 sinistris
1691 2779 1872 2873 eiuS,
1920 2789 1994 2855 et
2044 2781 2263 2874 paulo
2313 2786 2473 2875 post
2507 2779 2682 2854 vidit
2723 2780 2957 2872 quod-

613 2901 785 2976 dam
839 2901 1144 2975 tertium
1194 2900 1444 2974 album
1497 2899 1694 2993 quod
1744 2899 1966 2994 coepit
2014 2919 2373 2994 apparere
2422 2900 2562 2973 sub
2600 2920 2711 2974 eo.
2755 2900 2958 2974 Unde

615 3021 826 3096 dicit:
872 3026 1000 3114 poi
1050 3041 1148 3094 zm
1211 3041 1354 3095 non
1411 3043 1630 3114 sapea
1691 3023 1812 3094 che
1877 3021 2150 3111 biano-0,
2218 3021 2390 3114 quia
2458 3041 2605 3094 non
2671 3028 2959 3116 poterat

615 3142 812 3217 bunc
859 3143 1236 3238 percipere
1287 3142 1460 3236 quid
1509 3147 1723 3234 esset,
1775 3141 1902 3216 sed
1953 3148 2203 3236 postea
2261 3140 2488 3235 scivit,
2541 3143 2631 3214 m'
2657 3136 2959 3234 appario

611 3265 878 3354 d'oyni
925 3265 1068 3336 lato
1117 3264 1218 3334 ad
1262 3282 1442 3351 essn,
1493 3261 1593 3335 ita
1641 3260 1838 3354 quod
1889 3260 2138 3336 lumen
2177 3260 2351 3334 illud
2390 3260 2707 3334 rubeum
2746 3262 2957 3335 flam-

613 3389 897 3457 matum
951 3380 1296 3457 rutilabat
1346 3381 1536 3455 inter
1570 3381 1718 3456 duo
1753 3381 1915 3455 alba
1951 3380 2483 3475 candidissima,
2524 3401 2563 3453 e
2600 3403 2699 3456 tm
2746 3385 2958 3478 clerc,

613 3504 908 3596 scilicet,
977 3504 1252 3596 album,
1329 3496 1546 3591 usciO,
1623 3502 1828 3597 idest,
1907 3502 2269 3597 apparuit,
2338 3504 2412 3575 di
2483 3509 2661 3575 sotto
2730 3524 2779 3575 a
2845 3505 2963 3598 lui,

614 3624 802 3699 idest
831 3614 930 3718 (³),
981 3623 1075 3698 de
1125 3622 1264 3697 sub
1314 3623 1434 3696 illo
1485 3622 1768 3695 lumine
1800 3622 2060 3717 primo.
2095 3622 2186 3695 Et
2224 3621 2341 3695 hic
2378 3628 2549 3695 nota
2591 3622 2788 3716 quod
2830 3622 2965 3696 ali-

613 3744 745 3839 qui
778 3743 1157 3819 credentes
1197 3743 1559 3817 subtiliter
1603 3762 1974 3837 exponere
2015 3741 2229 3815 istam
2270 3741 2583 3835 literam,
2616 3741 2961 3817 dixerunt

615 3866 816 3961 quod
867 3865 1001 3939 ista
1050 3864 1198 3939 duo
1247 3863 1415 3939 alba
1473 3870 1685 3939 erant
1745 3861 1895 3936 duo
1953 3862 2207 3958 Angeli
2268 3862 2723 3937 collaterales
2790 3863 2961 3937 dicti

615 3984 910 4082 Angeli3
963 3991 1038 4059 et
1086 3983 1386 4058 tertium
1439 3983 1692 4057 album
1727 3989 1890 4057 erat
1921 3982 2182 4062 tertius
2232 3982 2553 4079 Angelus
2604 3982 2675 4055 in
2727 3983 2961 4058 socie·

613 4110 766 4182 tate
815 4104 978 4179 eius
1027 4104 1258 4178 induti
1309 4102 1626 4177 candidis
1690 4102 2180 4195 vestimenti53
2234 4102 2361 4175 sed
2422 4101 2537 4175 isti
2594 4102 2961 4177 somniant

613 4227 861 4300 nescio
915 4225 1111 4320 quid.
1166 4225 1334 4300 Ideo
1383 4224 1498 4297 dic
1549 4223 1747 4317 quod
1797 4222 1947 4297 duo
1996 4223 2162 4297 alba
2206 4232 2417 4299 erant
2454 4222 2623 4295 duae
2654 4223 2792 4295 alae
2827 4243 2961 4298 vo-

615 4346 848 4421 lantes
899 4352 974 4421 et
1008 4344 1440 4421 ventilantes
1483 4343 1674 4417 illius
1707 4342 1966 4439 Angeli
2001 4342 2228 4439 igniti,
2265 4360 2433 4435 quae
2463 4342 2786 4437 figurant
2818 4362 2959 4437 pu-

617 4466 910 4541 ritatem
963 4465 1122 4540 eius
1171 4472 1248 4539 et
1297 4463 1780 4539 velocitatem.
1834 4462 2154 4539 Licentia
2204 4462 2399 4537 enim
2452 4469 2835 4557 poetarum
2884 4470 2961 4539 et

619 4588 982 4683 pictorum
1020 4585 1350 4661 attribuit
1383 4586 1535 4659 alas
1561 4584 1862 4681 Angelo,
1892 4591 1975 4657 ut
2011 4589 2268 4657 notum
2308 4588 2417 4657 est
2450 4583 2643 4678 apud
2678 4604 2957 4659 omnes·

620 4710 950 4785 Tertium
1004 4728 1183 4783 vero
1233 4706 1486 4781 album
1539 4710 1700 4780 erat
1751 4705 2089 4799 quaedam
2127 4704 2465 4780 navicula
2506 4704 2698 4798 alba,
2731 4725 2957 4798 quam

617 4830 922 4926 regebat
952 4828 1276 4924 Angelus
1317 4827 1455 4901 sub
1489 4846 1592 4921 se,
1647 4826 1721 4900 in
1773 4846 1920 4920 qua
1972 4825 2361 4920 portabant
2392 4814 2462 4917 (⁴)
2514 4846 2743 4899 unum
2786 4846 2961 4921 gre·-

741 5012 796 5074 (¹)
831 5013 893 5063 E.
926 5013 1177 5077 Virgilio:
1209 5014 1330 5077 quid
1363 5018 1458 5065 est.
1831 5011 1887 5074 (¹)
1919 5011 1972 5061 S.
2001 5010 2491 5079 splendidissimum.

743 5090 800 5153 (⁸)
833 5094 942 5151 11⁷,
975 5090 1122 5152 idest,
1153 5089 1252 5141 nub
1281 5087 1394 5141 illo.
1833 5086 1887 5151 (⁴)
1919 5087 1981 5137 E.
2014 5086 2268 5150 portabat.
