4392 6850
1509 967 1790 1024 camus
1838 969 2122 1024 paruus.
2940 955 2985 1022 9

639 1119 928 1217 pluviae.
981 1119 1168 1194 Cum
1217 1121 1471 1192 autem
1521 1122 1878 1190 cessasset
1925 1113 2169 1210 pluvia
2222 1100 2295 1190 et
2346 1116 2535 1190 facta
2596 1113 2993 1190 serenitate

643 1237 866 1316 Musae
917 1238 1186 1312 vellent
1245 1235 1618 1328 recedere,
1671 1235 1808 1309 iste
1873 1235 2104 1309 iratus
2163 1236 2427 1310 clausis
2486 1234 2713 1330 portis
2773 1251 2995 1329 para·-

644 1361 770 1436 bat
799 1351 872 1451 (¹)
927 1359 1206 1432 violare
1255 1375 1422 1450 eas;
1473 1355 1602 1430 sed
1653 1356 1878 1428 Musae
1913 1353 2301 1429 levissimae
2338 1355 2823 1430 evolaverunt
2860 1371 2995 1448 per

647 1481 1024 1555 fenestras.
1062 1478 1438 1573 Pyreneus
1485 1475 1922 1550 temerarius
1956 1474 2281 1549 ascendit
2317 1476 2581 1549 turrim
2628 1475 2878 1569 altam,
2920 1483 2994 1550 et

652 1599 904 1675 volens
955 1597 1162 1691 sequi
1217 1615 1342 1672 eas
1383 1595 1652 1670 deiecit
1701 1615 1782 1670 se
1830 1595 2391 1690 praecipitanter,
2442 1602 2517 1670 et
2566 1601 2765 1670 totus
2814 1615 2995 1670 con-

651 1720 924 1794 fractus
979 1715 1376 1791 maculavit
1425 1719 1700 1789 terram
1755 1715 2112 1789 scelerato
2171 1715 2529 1810 sanguine
2590 1735 2749 1790 suo.
2804 1713 2991 1789 Cum

652 1847 904 1916 autem
955 1836 1224 1911 Urania
1275 1833 1556 1910 diceret
1601 1835 1763 1929 ista,
1814 1835 2048 1909 Pallas
2103 1835 2259 1908 visa
2308 1845 2419 1910 est
2464 1834 2725 1909 audire
2774 1851 2995 1908 voces

657 1962 1020 2034 humanas
1068 1957 1140 2031 in
1175 1955 1594 2049 arboribus3
1629 1961 1845 2028 erant
1881 1960 2136 2028 autem
2174 1974 2439 2029 novem
2474 1954 2685 2050 picae:
2722 1959 2796 2028 et
2830 1953 2997 2027 Pal·

657 2081 820 2156 lade
869 2083 1159 2175 petente
1209 2095 1380 2170 quae
1427 2080 1692 2168 essent,
1743 2075 2006 2149 Urania
2060 2073 2333 2147 iterum
2387 2073 2715 2148 narravit
2774 2071 2992 2147 aliam

655 2199 996 2274 iniuriam
1065 2197 1330 2271 factam
1399 2195 1641 2290 MusiS,
1701 2205 1778 2271 et
1825 2194 2002 2268 dixit
2071 2194 2269 2288 quod
2338 2194 2635 2288 quidam
2699 2193 2999 2269 nomine

653 2321 936 2396 Pierius
983 2319 1078 2394 de
1126 2317 1324 2391 Pelle
1373 2316 1665 2391 civitate
1705 2315 2104 2394 Alexandri
2149 2315 2389 2412 Magni
2422 2314 2679 2412 genuit
2728 2333 2997 2388 novem

653 2441 836 2516 filias
873 2445 1096 2513 tantae
1129 2435 1495 2531 superbiae
1529 2443 1604 2510 et
1635 2435 1989 2530 elationis,
2025 2435 2222 2530 quod
2260 2442 2543 2510 temere
2575 2441 3001 2509 transcurso

653 2562 872 2656 longo
921 2557 1154 2653 spatio
1205 2557 1611 2630 multarum
1667 2563 2067 2650 terrarum,
2111 2561 2481 2631 venerunt
2527 2555 2621 2629 ad
2670 2561 2997 2629 montem

653 2683 1088 2773 Parnasum,
1130 2686 1206 2754 et
1237 2686 1624 2771 coeperunt
1657 2695 2146 2771 prorumpere
2170 2683 2429 2750 contra
2464 2677 2725 2769 MuSaS,
2752 2675 3002 2750 diceu-

657 2809 788 2894 tes,
841 2798 1038 2894 quod
1087 2796 1402 2892 amplius
1463 2816 1608 2870 non
1669 2795 2004 2870 fallerent
2063 2798 2333 2892 vulgus
2382 2796 2755 2870 indoctum
2808 2811 2999 2869 vana

657 2919 1038 2996 dulcedine
1089 2923 1372 3011 cantus,
1425 2923 1502 2990 et
1549 2915 1608 2988 si
1671 2915 2026 2990 haberent
2089 2917 2411 3009 aliquam
2480 2915 2822 2990 fiduciam
2886 2915 2999 2989 sui

659 3045 1027 3116 certarent
1075 3057 1247 3112 cum
1301 3035 1406 3111 eis
1455 3057 1630 3110 cum
1687 3036 1806 3110 tali
1857 3037 2363 3131 conventione,
2402 3043 2485 3111 ut
2534 3037 2745 3112 victae
2780 3035 3003 3111 relin-

659 3164 973 3255 querent
1023 3158 1294 3249 locum,
1336 3162 1412 3231 et
1461 3155 1798 3230 victrices
1833 3156 2235 3231 retinerent
2268 3157 2795 3252 possessionem
2840 3154 3002 3249 loci,

658 3287 734 3354 et
782 3280 1004 3353 huius
1052 3277 1472 3352 certaminis
1504 3276 1791 3372 ,iudices
1826 3283 2067 3352 essent
2103 3279 2441 3375 nymphae
2476 3278 2633 3352 deae
2668 3277 3003 3351 rontium.

659 3401 750 3475 Et
797 3399 970 3474 dicit
1017 3397 1286 3475 Urania
1337 3397 1534 3492 quod
1585 3395 2029 3473 contendere
2079 3403 2241 3473 erat
2293 3403 2509 3494 turpe
2552 3397 2678 3492 εἰς,
2714 3397 2840 3473 sed
2880 3415 3006 3473 ce·-

659 3522 840 3597 dere
889 3520 1130 3595 visum
1183 3525 1296 3593 est
1345 3518 1653 3613 turpius.
1690 3518 1958 3593 Ordine
1999 3519 2172 3594 dato
2223 3520 2570 3593 sederunt
2623 3514 2788 3593 hinc
2838 3516 3005 3595 inde

657 3642 898 3717 ambae
947 3646 1194 3735 partes
1243 3639 1318 3712 in
1369 3638 1662 3713 sedibus
1713 3639 2188 3733 marmoreis3
2233 3647 2308 3713 et
2357 3640 2475 3713 illa
2528 3658 2697 3734 quae
2732 3636 3007 3715 minata

659 3762 901 3837 fuerat
950 3760 1170 3856 coepit
1217 3765 1518 3835 cantare
1567 3759 1892 3834 convicia
1933 3760 2271 3855 deorum,
2326 3760 2641 3854 qualiter
2690 3760 2760 3833 in
2814 3760 3007 3835 bello

537 3888 544 3895 ’
661 3882 1004 3979 giganteo
1071 3881 1414 3977 fugerant
1478 3888 1554 3955 et
1611 3882 1977 3957 latuerant
2031 3882 2563 3978 magnificando
2621 3887 2829 3978 gesta
2894 3880 3008 3977 gi-

661 4010 994 4101 gantum.
1049 4003 1370 4077 Tandem
1423 4002 1614 4078 facto
1663 4001 1812 4076 flue
1853 4000 2019 4075 dicit
2057 4003 2365 4077 Urania:
2404 4002 2831 4095 mandatum
2868 4002 3007 4075 fuit

663 4124 872 4199 nobis
924 4130 1007 4197 ut
1056 4123 1700 4219 responderemus3
1753 4128 1830 4197 et
1880 4127 2054 4196 tunc
2104 4143 2362 4197 omnes
2412 4124 2635 4197 Musae
2694 4121 3006 4198 commi·

662 4252 920 4320 serunt
969 4246 1166 4320 vices
1215 4264 1386 4317 suas
1435 4243 1754 4338 Calliope
1803 4242 2101 4340 reginae,
2137 4264 2307 4337 quae
2350 4250 2511 4317 erat
2560 4242 3007 4337 eloquentis-

663 4366 850 4441 sima
891 4364 1248 4458 omnium,
1287 4384 1453 4458 quae
1489 4362 1918 4438 mirabiliter
1949 4362 2363 4437 decantavit
2396 4350 2649 4437 laudes
2690 4364 3003 4437 deorum

665 4492 740 4559 et
791 4485 1083 4559 ruinam
1135 4483 1540 4580 gigantum.
1580 4484 1749 4556 Post
1793 4482 2098 4579 longum
2153 4490 2452 4557 cantum
2498 4483 2838 4579 nympbae
2878 4482 3009 4559 de-

661 4604 932 4679 derunt
965 4603 1422 4697 sententiam,
1461 4602 1754 4676 nemine
1793 4602 2273 4697 discrepante,
2308 4603 2505 4696 quod
2546 4604 2773 4676 Musae
2810 4602 3010 4678 vice-

662 4730 876 4817 rant3
925 4722 1054 4797 sed
1103 4723 1242 4797 illae
1293 4730 1658 4817 protervae
1722 4721 2337 4816 contradicebant,
2400 4724 2903 4797 reclamabant
2934 4714 3007 4816 (¹)

665 4852 742 4918 et
791 4842 1408 4937 improperabant.
1462 4842 1565 4915 Ex
1605 4861 1756 4934 quo
1789 4840 2106 4935 Calliope
2141 4840 2327 4916 irata
2362 4841 2579 4916 dixit:
2620 4848 3009 4939 postquam

795 5098 850 5161 (⁸)
881 5097 932 5147 S.
963 5096 1172 5161 petebat
1199 5077 1416 5149 violare.
2019 5096 2073 5159 ι’)
2109 5101 2218 5157 117,
2251 5096 2558 5148 clanabant.
