4392 6850
1450 956 1593 1023 522
2178 965 2588 1021 conum-uu
2636 966 3078 1023 runon‘onu

1446 1116 1681 1190 maior
1735 1114 2010 1189 mentio
2077 1122 2153 1190 et
2211 1113 2750 1191 commendatio
2815 1112 2893 1187 fit
2954 1113 3049 1188 de
3111 1112 3444 1187 Fabricio
3509 1112 3794 1187 ratione

1447 1235 1743 1311 maioris
1792 1235 2262 1331 paupertatis.
2315 1234 2518 1309 Sicut
2567 1256 2748 1333 ergo
2799 1234 3047 1309 scribit
3097 1233 3332 1309 Julius
3383 1235 3654 1331 IgniuS‚
3707 1235 3796 1309 li-

1445 1354 1582 1429 bro
1616 1354 1706 1429 VI
1744 1354 1839 1431 de
1872 1355 2017 1429 vita
2056 1362 2130 1431 et
2173 1354 2502 1429 moribus
2537 1354 2872 1429 virorum
2909 1354 3331 1447 illustrium,
3375 1353 3524 1429 duo
3570 1355 3791 1452 legati

1444 1474 1845 1548 samnitum
1916 1479 2283 1550 venerunt
2355 1474 2450 1548 ad
2527 1474 2783 1549 Caium
2857 1473 3212 1548 Licinium
3292 1481 3794 1551 memorantes

1446 1595 1717 1671 multas
1782 1601 1857 1670 et
1926 1614 2232 1691 magnas
2283 1614 2425 1687 reS‚
2479 1614 2664 1687 quas
2715 1593 2904 1668 bene
2967 1599 3040 1668 et
3106 1593 3464 1670 benevole
3515 1594 3793 1669 fecerat

1446 1714 1878 1789 samnitibus
1916 1720 2076 1808 post
2116 1713 2366 1788 datam
2417 1732 2700 1807 pacem,
2743 1710 3138 1787 offerentes
3187 1712 3382 1788 dono
3430 1714 3790 1812 grandem

1446 1835 1832 1931 pecuniam
1902 1840 1979 1909 et
2042 1846 2340 1912 orantes
2391 1838 2475 1907 ut
2525 1834 2909 1929 reciperet,
2969 1834 3318 1927 quoniam
3373 1836 3604 1908 multa
3655 1834 3787 1909 de-

1446 1956 1751 2032 ficerent
1782 1956 1875 2031 ad
1916 1956 2422 2031 necessitatem
2455 1954 2693 2029 victus
2725 1960 2799 2029 et
2833 1954 3238 2029 claritatem
3275 1973 3431 2029 suae
3471 1955 3790 2049 domus3

1448 2076 1620 2151 nihil
1672 2076 1869 2152 enim
1920 2075 2378 2171 splendidum
2431 2081 2505 2151 et
2555 2080 2894 2171 paratum
2939 2079 3101 2149 erat
3134 2095 3268 2169 pro
3306 2074 3786 2169 amplitudine

1447 2196 1760 2271 hominis
1808 2203 1883 2271 et
1930 2195 2282 2293 dignitate
2322 2194 2632 2268 virtutis.
2667 2195 3044 2269 Fabricius
3083 2216 3260 2270 vero
3295 2195 3595 2270 deduxit
3629 2216 3790 2270 am·-

1444 2319 1597 2415 plas
1649 2338 1911 2391 manus
1960 2316 2055 2390 ab
2104 2315 2410 2391 auribus
2470 2315 2562 2390 ad
2621 2315 2896 2410 oculOS,
2949 2316 3211 2391 deinde
3258 2316 3352 2390 ad
3405 2336 3643 2409 nareS‚
3695 2315 3788 2391 ad

1445 2459 1551 2534 οε,
1601 2437 1696 2512 ad
1745 2439 2021 2534 gulam,
2091 2436 2354 2511 deinde
2402 2436 2496 2511 ad
2548 2442 2907 2531 ventrem,
2976 2444 3052 2511 et
3115 2436 3503 2531 inferiora3
3553 2445 3630 2512 et
3679 2438 3788 2511 le-

1443 2558 1631 2655 gatis
1681 2558 1755 2631 in
1805 2558 1963 2631 haec
2014 2557 2240 2632 verba
2297 2557 2700 2651 respondit:
2752 2558 2932 2631 dum
2993 2558 3336 2632 omnibus
3384 2558 3494 2632 his
3547 2578 3786 2633 mem-

1448 2677 1597 2751 bris
1647 2698 1816 2771 quae
1864 2676 2066 2773 tetigi
2116 2684 2375 2771 potero
2427 2675 2767 2751 resistere
2817 2685 2891 2753 et
2943 2678 3334 2771 imperare,
3391 2678 3563 2752 mibi
3618 2678 3792 2752 nibil

1446 2796 1749 2871 omnino
1772 2794 2089 2889 deficiet3
2118 2796 2284 2871 ideo
2309 2795 2514 2870 vobis
2542 2802 2916 2871 reservate
2950 2797 3336 2891 pecuniam
3357 2790 3428 2890 (¹)
3453 2818 3790 2873 necessa-

1449 2916 1635 2991 riam
1688 2916 1941 2990 usibus
1992 2914 2275 3009 vestriS‚
2327 2936 2464 2990 nec
2513 2936 2680 2990 eam
2733 2916 3000 3009 quibus
3051 2937 3196 2991 non
3233 2924 3341 2991 est
3378 2918 3786 2992 necessaria

1446 3042 1579 3113 aut
1626 3044 1835 3133 grata
1882 3036 2250 3133 ingeratis,
2287 3036 2596 3110 Romani
2631 3036 2989 3130 siquidem
3034 3058 3179 3111 non
3213 3045 3477 3113 curant
3514 3038 3790 3113 habere

1444 3176 1747 3249 aurum,
1796 3157 1924 3231 sed
1992 3156 2360 3251 imperare
2426 3157 2680 3230 volunt
2737 3156 3172 3232 habentibus
3231 3179 3526 3232 aurum.
3587 3159 3790 3233 Idem

1446 3276 1823 3351 Fabricius
1872 3276 2225 3371 compulit
2276 3277 2642 3373 Pyrrhum
2705 3276 2797 3352 ad
2861 3298 3340 3353 romanorum
3393 3280 3788 3354 amicitiam

1446 3398 1956 3495 appetendam,
2010 3398 2318 3475 remisso
2371 3398 2677 3494 medi00‚
2729 3399 2858 3494 qui
2909 3400 3382 3496 promittebat
3420 3401 3786 3498 Pyrrhum

1447 3539 1839 3595 venenare.
1892 3520 2062 3594 Ideo
2112 3521 2304 3596 bene
2351 3521 2523 3594 dicit
2581 3520 2898 3596 Seneca:
2951 3520 3345 3596 Summum
3411 3523 3547 3596 l'uit
3602 3543 3792 3599 auro

1450 3658 1596 3712 non
1648 3638 1861 3734 vinci,
1913 3659 2200 3714 veneno
2240 3661 2387 3714 non
2423 3640 2740 3715 vincere.
2778 3642 3002 3715 Multa
3035 3648 3441 3716 occurrunt
3485 3642 3790 3717 dicenda

1446 3760 1521 3833 in
1586 3760 1880 3836 laudem
1946 3760 2255 3836 Fabricii
2330 3781 2498 3855 quae
2565 3760 2860 3836 remitto
2929 3761 3288 3836 brevitati.
3359 3762 3544 3837 Dicit
3609 3783 3792 3860 ergo

1449 3886 1699 3976 poeta:
1728 3884 2278 3972 Sequenoemente
2308 3883 2530 3972 inlesi,
2566 3881 2770 3954 illum
2807 3881 3143 3978 spiritum
3177 3882 3455 3956 dicere:
3509 3887 3571 3955 0
3607 3883 3792 3956 buon

1446 4001 1798 4093 Fam-icio,
1862 4021 2087 4095 quem
2140 4001 2436 4075 Boetius
2489 4007 2700 4075 vocat
2751 4000 3066 4094 fidelem,
3121 4003 3359 4076 volesu'
3405 4005 3578 4075 anzi
3612 4023 3791 4096 pos,-

1444 4123 1650 4194 seder
1699 4127 1956 4194 vertute
2004 4143 2136 4194 con
2177 4111 2504 4214 poverld,
2553 4125 2674 4194 che
2720 4143 2914 4214 yran
2971 4124 3338 4196 n‘ccheua
3385 4143 3514 4195 con
3579 4127 3786 4197 vizio.

1450 4242 1652 4317 Unde
1688 4241 2170 4316 Claudianus:
2209 4249 2561 4315 contentus
2608 4244 2890 4316 honesto
2931 4243 3293 4316 Fabricius
3317 4264 3552 4336 parvo
3591 4265 3794 4336 sper-

1446 4363 1657 4435 nebat
1683 4383 1997 4454 *munera
2046 4383 2314 4454 reyum.
2335 4401 2436 4416 —
2459 4366 2720 4452 Queste.
2757 4363 2887 4436 Hic
2937 4371 3150 4458 poeta
3201 4362 3496 4438 adducit
3535 4383 3793 4438 exem-

1446 4482 1651 4577 plum
1686 4482 1943 4557 nobilis
1980 4483 2334 4579 largitatis
2368 4483 2507 4557 sub
2542 4483 2784 4557 verbis
2824 4483 3172 4558 brevibus
3207 4492 3283 4558 et
3315 4483 3567 4558 claris:
3603 4504 3795 4578 quo-

1444 4602 1644 4676 niam
1709 4602 1969 4677 beatus
2031 4603 2378 4678 Nicolaus
2453 4603 2764 4678 mortuis
2839 4603 3264 4699 parentibus
3330 4604 3582 4680 volens
3659 4625 3796 4680 sua

1445 4722 1639 4797 bona
1688 4723 2132 4818 pauperibus
2182 4744 2518 4820 erogare,
2554 4723 2732 4798 dum
2771 4724 3070 4818 quidam
3119 4723 3378 4799 nobilis
3419 4730 3570 4801 tres
3613 4723 3794 4800 filias

1443 4842 1729 4918 adultas
1780 4849 2093 4940 urgente
2148 4843 2392 4938 inopia
2455 4843 2874 4939 disponeret
2934 4851 3298 4938 quaestum
3362 4844 3606 4920 facere
3656 4865 3794 4940 pro

1572 5103 1627 5168 (¹)
1660 5106 1721 5158 Ε.
1752 5107 2025 5170 pecuniam
2056 5114 2284 5159 vestram
2315 5108 2490 5158 unibus
2521 5107 2704 5158 vestris
2733 5107 3092 5168 necessarium,
3125 5119 3222 5156 nec
3251 5118 3389 5155 eam.
