4392 6850
1527 975 1670 1043 428
2238 983 2652 1040 conam-mn
2700 985 3139 1040 runca-roan

1523 1133 1776 1229 Agnus
1825 1132 1954 1207 Dei
2005 1132 2354 1206 innocens
2400 1131 2920 1205 immaculatus
2968 1130 3379 1205 humillime
3410 1131 3741 1225 permisit
3774 1149 3855 1206 se

1519 1253 1690 1327 duci
1739 1251 1834 1326 ad
1883 1251 2259 1328 victimam
2307 1251 2400 1325 ad
2450 1250 2877 1348 placandam
2940 1250 3127 1324 iram
3192 1249 3429 1324 Patris
3492 1249 3857 1326 invetera-

1525 1379 1673 1446 tam
1721 1391 1898 1446 cum
1951 1371 2311 1469 sanguine
2360 1392 2543 1445 suo:
2596 1369 2761 1445 ideo
2808 1369 3017 1444 dicit:
3070 1372 3191 1444 cloe
3234 1373 3303 1444 se
3340 1378 3629 1463 peccata
3674 1373 3853 1460 lena,

1521 1491 1793 1566 scilicet
1841 1491 2225 1566 hominum
2292 1512 2440 1568 non
2502 1510 2677 1584 sua3
2728 1496 2804 1565 et
2850 1489 3085 1586 tangit
3144 1490 3445 1563 modum
3506 1489 3852 1566 orationis

1521 1631 1749 1706 quam
1819 1611 2235 1706 cantabant,
2292 1611 2579 1686 dicens:
2626 1633 2807 1704 pure
2854 1615 3097 1702 Aynus
3146 1613 3279 1683 Dei
3330 1632 3513 1683 eran
3575 1613 3639 1684 k
3696 1611 3853 1684 ltro

1519 1735 1834 1822 esordia,
1883 1731 2089 1826 idest,
2149 1731 2501 1829 principia
2550 1731 2911 1827 captantia
2963 1730 3571 1823 benevolentiam,
3622 1737 3699 1805 et
3748 1730 3854 1804 in-

1521 1851 1864 1926 ducentia
1912 1852 2152 1926 Deum
2202 1852 2297 1927 ad
2346 1851 3064 1926 commiserationem
3096 1843 3195 1942 (¹).
3246 1851 3336 1924 Et
3384 1851 3667 1925 subdit:
3716 1871 3854 1924 una

1512 1975 1782 2066 pai-ola
1829 1993 1962 2045 era
2007 1975 2084 2045 in
2133 1976 2281 2046 muz·
2326 1995 2365 2044 e
2410 1993 2507 2044 un
2556 1974 2791 2063 modo,
2844 1971 3017 2065 quia
3066 1979 3415 2066 quaerunt
3448 1993 3643 2045 unus
3675 1970 3851 2046 libe-

1525 2093 1884 2168 rationem
1933 2092 2262 2186 alteriuS,
2298 2093 2423 2166 ubi
2464 2092 2899 2187 quaerebant
2929 2091 3497 2166 destructionem
3550 2090 3627 2164 in
3676 2089 3853 2183 vita3

1521 2214 1720 2289 unde
1768 2214 1974 2288 dicit:
2009 2206 2071 2287 si
2099 2215 2223 2286 che
2248 2233 2477 2306 parea
2510 2220 2629 2286 tra
2667 2233 2814 2286 esse
2844 2215 3013 2302 0ρηί
3050 2215 3475 2304 concordia,-
3518 2211 3643 2284 ubi
3680 2209 3851 2285 olim

1521 2343 1732 2410 erant
1783 2335 1973 2409 inter
2017 2353 2104 2409 se
2150 2333 2545 2428 discordes,
2580 2333 2731 2408 imo
2780 2333 2947 2407 irati
2980 2339 3153 2407 sunt
3194 2338 3687 2427 repugnantes
3722 2328 3851 2404 sibi

1519 2454 1709 2550 ipsis,
1765 2451 2038 2528 Deinde
2085 2461 2300 2548 poeta
2348 2453 2663 2529 ostendit
2712 2451 3087 2546 quomodo
3136 2451 3641 2527 certioraverit
3670 2441 3745 2542 (²)
3778 2469 3853 2525 se

1517 2575 1613 2649 de
1663 2575 1812 2648 istis
1861 2579 1938 2648 et
1987 2594 2251 2648 eorum
2321 2572 2782 2669 purgatione,
2830 2573 3124 2646 dicens:
3186 2575 3352 2645 diss'
3378 2575 3475 2663 ie,
3526 2579 3851 2662 mestre,

1518 2715 1570 2769 o
1617 2695 1889 2792 Virgili‚
1941 2698 2098 2786 quei
2151 2715 2327 2768 sono
2388 2697 2592 2786 spir-ti
2646 2695 2769 2766 clue
2834 2697 3000 2785 odo,
3050 2713 3237 2787 quos
3300 2711 3663 2788 cognosco
3724 2711 3851 2787 per

1523 2799 1776 2908 verba,
1809 2816 1977 2890 licet
2025 2835 2174 2889 non
2210 2814 2497 2890 videam
2532 2835 2681 2890 eos,
2714 2815 2807 2888 Et
2840 2814 3071 2910 tangit
3110 2814 3655 2908 responsionem
3692 2811 3851 2886 Vir·

1519 2935 1694 3032 gilii,
1743 2934 2024 3009 dicens:
2071 2941 2143 3008 et
2187 2937 2302 3008 elli
2350 2955 2401 3008 a
2448 2955 2581 3024 nte,
2632 2933 2925 3028 scilicet,
2964 2934 3307 3029 Virgilius
3338 2933 3545 3024 dixit,
3578 2941 3655 3007 tu
3686 2953 3851 3006 vm

1519 3057 1893 3149 epprendi,
1941 3055 2239 3149 scilicet,
2291 3055 2489 3149 quod
2538 3055 2679 3128 sint
2726 3054 3043 3149 spiritus,
3082 3053 3209 3128 sed
3260 3061 3511 3128 tamen
3560 3053 3849 3148 ignoras

1517 3176 1648 3270 qui
1697 3176 1861 3269 sint,
1913 3175 2041 3251 sed
2089 3175 2330 3249 dicam
2382 3175 2531 3270 tibi,
2583 3197 2621 3248 e
2682 3176 3147 3249 d’iracondn'a
3206 3194 3349 3246 van
3412 3175 3745 3246 solvendo
3800 3175 3854 3246 51

1517 3301 1734 3388 nodo,
1785 3296 1991 3390 idest,
2041 3295 2316 3371 vadunt
2366 3295 2713 3370 solvendo
2762 3301 2839 3369 et
2886 3295 3263 3369 liberando
3312 3313 3395 3368 se
3442 3313 3577 3387 per
3616 3293 3849 3388 poeni-

1517 3418 1820 3495 tentiam
1871 3418 1968 3492 ab
2017 3416 2415 3511 iracundia,
2469 3438 2637 3511 quae
2687 3438 2867 3492 vere
2916 3423 3027 3491 aet
3078 3414 3278 3491 fortis
3336 3413 3573 3490 nodus
3621 3413 3850 3512 ligans

1517 3540 1917 3631 hominem,
1967 3538 2068 3613 ita
2117 3536 2319 3632 quod
2368 3558 2515 3611 non
2568 3537 2789 3611 habet
2821 3538 3231 3611 libertatem
3266 3535 3405 3630 sui,
3446 3542 3521 3609 et
3558 3542 3673 3610 est
3705 3534 3852 3610 ira-

1517 3658 1781 3735 cundia
1835 3658 1944 3731 ira
1993 3657 2423 3731 inveterata.
3446 3704 3451 3710 -

1673 3783 1780 3853 Or
1827 3786 1900 3851 tu
1947 3780 2059 3851 clii
2103 3780 2223 3851 ω’.
2274 3776 2415 3851 Ista
2466 3780 2579 3851 est
2616 3776 2939 3851 secunda
2972 3796 3143 3872 pars
3172 3776 3559 3871 generalis,
3592 3776 3665 3848 in
3700 3794 3845 3869 qua

1516 3905 1730 3995 poeta
1781 3904 2030 3972 noster
2077 3896 2473 3971 introducit
2522 3917 2757 3970 uuum
2806 3880 3273 3992 singularem
3304 3895 3635 3990 spiritum
3688 3914 3848 3969 mo-

1516 4018 1832 4095 demum
1884 4026 2325 4114 purgantem
2378 4017 2827 4093 iracundiam
2880 4038 3120 4111 suam,
3154 4016 3281 4109 qui
3324 4014 3641 4090 sentiens
3670 4034 3845 4109 poe—

1515 4145 1666 4213 tam
1720 4138 1972 4213 vivum
2023 4139 2203 4234 petit
2250 4138 2347 4213 ab
2394 4158 2489 4213 eo
2537 4158 2713 4212 cum
2760 4136 3243 4211 admiratione
3292 4135 3455 4229 quis
3502 4134 3613 4207 sit.
3666 4132 3845 4210 Dicit

1513 4278 1730 4355 ergo:
1791 4251 1947 4331 cosi
1977 4279 2114 4351 per
2157 4279 2313 4332 ima·
2352 4280 2541 4349 voce,
2573 4258 2711 4332 ista
2759 4278 2906 4332 vox
2954 4262 3115 4331 erat
3164 4255 3384 4329 Marci
3432 4253 3841 4349 Lombarm’,

1513 4380 1693 4453 deuo
1738 4382 1860 4471 fu.-
1909 4398 2000 4450 or
2047 4386 2120 4452 tn
2168 4381 2278 4452 chi
2322 4381 2444 4469 κ’,
2492 4378 2622 4471 qui
2670 4376 2847 4452 dicis
2898 4397 3031 4450 uos
3080 4396 3242 4451 esse
3288 4374 3607 4470 spii-itm,
3638 4378 3715 4449 et
3746 4373 3845 4450 sic

1515 4518 1662 4573 non
1709 4499 1978 4573 videris
2026 4518 2188 4573 esse
2227 4497 2543 4592 spirituS,
2578 4500 2698 4570 cloe
2722 4500 2774 4570 ’l
2800 4506 3047 4571 nostro
3074 4500 3269 4591 sumo
3296 4496 3517 4589 feudi,
3552 4494 3843 4589 scilieet,

1512 4638 1684 4693 cum
1735 4638 2068 4713 corpore,
2106 4618 2303 4713 quod
2353 4616 2599 4691 caeteri
2648 4617 2945 4712 spiritus
2964 4638 3141 4692 -non
3194 4615 3487 4708 faciunt,
3528 4636 3569 4687 e
3604 4617 3683 4689 di
3728 4616 3845 4689 noi

1503 4742 1722 4831 parti,
1771 4724 2168 4833 antequam
2200 4730 2275 4832 (³)
2332 4746 2693 4832 mortuuS,
2730 4760 2873 4832 pur
2920 4741 3211 4811 siccome
3256 4744 3329 4811 tu
3366 4737 3665 4829 peras-si
3711 4756 3843 4809 ακ-

1369 4866 1382 4879 “
1507 4880 1682 4933 m
1727 4863 1782 4934 il
1827 4867 2051 4952 tempo
2093 4881 2229 4952 per
2274 4862 2607 4933 calendi?
2654 4858 2877 4947 Quasi
2926 4857 3139 4951 dicat,
3189 4856 3392 4931 velut
3442 4854 3501 4929 si
3552 4854 3837 4931 viveres

1632 5046 1686 5107 (¹)
1721 5048 1829 5105 1¹7,
1861 5046 2265 5096 misericordi·-
2294 5051 2351 5095 et
2380 5046 2782 5097 aimonem.
3032 5043 3087 5107 ζ’)
3119 5044 3180 5094 Ε.
3214 5042 3560 5093 certior-erunt
3591 5052 3665 5089 η.

1632 5121 1687 5185 (⁸)
1720 5122 1780 5172 E.
1817 5126 2078 5186 tamquam
2110 5128 2368 5174 mortuns.
