4392 6850
1461 921 1556 988 70
2181 931 2589 986 coumwruu
2636 931 3077 986 Puneuonn

1459 1083 1638 1150 runt
1685 1076 2241 1152 excellentiores
2288 1085 2629 1152 cantores
2677 1083 2849 1152 ante
2900 1077 3123 1152 istum
3174 1083 3251 1154 et
3294 1087 3477 1174 post,
3514 1079 3608 1155 de
3640 1081 3799 1176 qui—

1460 1196 1601 1272 bus
1666 1203 1879 1292 poeta
1918 1197 2190 1293 justius
2248 1203 2539 1292 poterat
2596 1197 2842 1272 facere
2900 1197 3389 1294 mentionem3
3442 1199 3571 1274 sed
3630 1201 3798 1276 nibil

1455 1316 1548 1392 ad
1603 1338 1789 1412 rem,
1841 1317 2014 1413 quia
2063 1324 2283 1392 autor
2344 1317 2583 1412 potius
2649 1318 2881 1393 voluit
2930 1318 3177 1393 facere
3238 1319 3677 1396 memoriam
3728 1329 3797 1396 et

1456 1435 1730 1512 tamam
1779 1438 1871 1512 de
1919 1438 2160 1513 amico
2208 1437 2329 1512 cui
2384 1438 2771 1513 tenebatur
2820 1437 3194 1513 adducere
3222 1429 3295 1530 (¹)
3334 1459 3417 1514 se
3452 1439 3693 1535 ipsum
3728 1440 3796 1514 in

1455 1559 1881 1654 exemplum
1931 1559 2003 1632 in
2059 1559 2369 1634 materia
2418 1564 2679 1633 cantus
2730 1578 2879 1652 quo
2942 1558 3079 1633 fuit
3138 1579 3433 1634 summe
3482 1559 3797 1636 delecta-

1451 1684 1594 1773 tus,
1649 1689 1735 1753 ut
1783 1679 2024 1754 statim
2079 1679 2374 1755 videbis.
2429 1679 2615 1754 Dicit
2675 1700 2893 1776 ergo:
2954 1682 3121 1754 diss’
3144 1682 3243 1772 io,
3308 1680 3405 1754 illi
3475 1681 3791 1777 Casellae‚

1451 1802 1522 1874 io
1564 1803 1646 1893 so
1696 1806 1930 1891 questo
1981 1802 2293 1891 via99i0,
2344 1799 2617 1874 scilicet
2668 1799 3097 1896 purgatorii,
3126 1821 3261 1893 per
3302 1809 3561 1874 tot-nar
3608 1805 3795 1876 altra

1453 1923 1640 1994 volta
1691 1910 1764 1992 ἰὰ
1811 1922 2077 1994 ἀουίὀ·
2115 1941 2275 2012 son,
2328 1915 2537 2015 quasii
2587 1919 2819 1995 dicat:
2874 1919 3039 1996 ideo
3088 1921 3273 1996 facio
3324 1923 3463 1998 hoe
3521 1923 3597 1996 in
3651 1923 3795 1998 vita

1457 2047 1538 2115 ut
1587 2061 1880 2116 merear
1932 2041 2006 2114 in
2059 2047 2301 2116 morte
2350 2063 2483 2136 per
2534 2042 3045 2138 purgatorium
3100 2041 3489 2137 pervenire
3534 2043 3628 2118 ad
3688 2045 3794 2120 vi-

1453 2170 1602 2238 tam
1655 2170 2030 2238 aeternam.
2084 2163 2227 2238 Sed
2276 2182 2371 2236 ue
2420 2161 2782 2237 dimittam
2822 2161 3095 2258 aliquid
3134 2161 3643 2258 indiscussum,
3680 2164 3793 2240 hic

1449 2285 1688 2359 oritur
1745 2283 2144 2379 justissima
2212 2283 2613 2358 dubitatio:
2682 2289 3029 2378 quaerunt
3090 2283 3287 2358 euim
3350 2285 3562 2359 multi
3622 2305 3789 2360 cum

1449 2426 1719 2503 magna
1769 2404 2273 2498 admiratione,
2326 2404 2502 2497 quid
2554 2404 2686 2479 sibi
2738 2404 2896 2478 vult
2946 2403 3082 2477 ista
3124 2424 3315 2480 nova
3350 2405 3543 2480 fictio
3592 2406 3795 2480 istius

1452 2528 1617 2602 novi
1679 2533 1936 2621 poetae,
1999 2547 2235 2619 quare
2298 2525 2454 2598 istae
2518 2524 2783 2600 auimae
2842 2525 3189 2621 relegatae
3246 2533 3457 2601 extra
3518 2547 3793 2624 purga-

1448 2646 1720 2722 torium
1773 2653 2149 2743 ponuntur
2200 2645 2356 2720 sine
2407 2644 2653 2739 aliqua
2704 2665 2923 2738 poena
2973 2647 3442 2741 purgatoria?
3492 2645 3603 2720 Ad
3654 2647 3791 2721 boc

1447 2767 1886 2862 respondent
1935 2767 2258 2861 quidam,
2295 2765 2495 2860 quod
2544 2785 2804 2838 amara
2856 2785 3070 2860 poena
3104 2771 3215 2840 est
3250 2765 3526 2840 bomini
3568 2787 3791 2861 expe-

1443 2895 1666 2964 ctare.
1721 2887 1854 2962 Alii
1903 2888 2154 2962 dicunt
2207 2887 2403 2982 quod
2454 2891 2669 2981 poeta
2720 2907 2852 2980 per
2904 2887 3041 2959 boc
3090 2886 3215 2960 dat
3258 2887 3554 2985 intelligi
3594 2889 3787 2983 quod

1441 3009 1666 3104 aliqui
1717 3009 2126 3104 puniuntur
2176 3008 2255 3092 in
2302 3008 2441 3081 isto
2494 3005 2771 3081 mundo
2820 3012 2993 3081 ante
3027 3007 3567 3103 purgatorium,
3602 3009 3787 3084 sicut

1441 3130 1718 3204 dictum
1771 3136 1880 3204 est
1929 3129 2002 3202 in
2047 3127 2487 3224 praecedenti
2522 3125 2881 3222 capitulo;
2920 3127 3047 3202 sed
3085 3127 3189 3202 sic
3225 3127 3549 3204 dicentes
3584 3151 3787 3224 quae-

1445 3256 1619 3322 runt
1668 3249 2124 3344 subterfugia
2173 3247 2605 3344 ignorantiae
2654 3267 2831 3321 suae.
2884 3246 3025 3322 Sed
3088 3247 3182 3322 ad
3244 3268 3509 3323 verum
3578 3250 3784 3326 intel-

1442 3369 1713 3445 lectum
1765 3369 1972 3444 istius
2023 3368 2329 3444 fictionis
2378 3367 2601 3443 debes
2636 3374 2897 3442 notare
2932 3367 3130 3462 quod
3162 3367 3353 3442 sicut
3391 3369 3609 3465 plene
3639 3369 3781 3444 dixi

1440 3491 1515 3565 in
1569 3492 1806 3588 primo
1857 3489 2173 3585 capitulo
2228 3497 2440 3585 poeta
2507 3494 2755 3563 noster
2818 3488 3145 3583 loquitur
3208 3488 3301 3564 de
3362 3491 3783 3587 purgatorio

1441 3613 1750 3707 morali3
1803 3613 1962 3688 vult
2013 3612 2211 3685 enim
2261 3609 2443 3685 dare
2492 3609 2790 3705 intelligi
2861 3608 3058 3703 quod
3118 3609 3211 3685 de
3276 3631 3592 3686 numero
3642 3613 3783 3685 sal-

1443 3733 1850 3807 vandorum
1886 3731 2112 3826 aliqui
2143 3736 2317 3805 sunt
2354 3730 2624 3804 mortui
2653 3728 3125 3824 spiritualiter
3150 3750 3287 3825 per
3322 3737 3557 3805 totum
3598 3738 3783 3806 tem-

1435 3874 1575 3950 pus
1627 3854 1818 3947 vitae,
1870 3852 1998 3946 qui
2051 3858 2298 3927 tamen
2350 3851 2754 3943 salvantur,
2802 3848 2974 3944 quia
3012 3850 3083 3923 in
3118 3849 3265 3925 fine
3304 3850 3574 3927 babent
3606 3873 3781 3927 con-

1437 3973 1806 4048 tritionem
1858 3978 1935 4047 et
1981 3972 2541 4047 conversionem
2584 3970 2899 4045 debitam
2938 3969 3032 4044 ad
3074 3970 3351 4064 Deum3
3387 3971 3552 4046 ideo
3594 3974 3779 4047 bene

1434 4094 1638 4191 fingit
1672 4094 1870 4189 quod
1905 4100 2292 4168 morantur
2326 4099 2403 4167 et
2436 4097 2802 4188 vagantur
2828 4097 3039 4165 extra
3070 4093 3581 4187 purgatorium
3620 4093 3775 4169 sine

1433 4236 1652 4311 poena
1702 4213 2174 4312 poenitentiali
2237 4233 2369 4309 per
2420 4219 2705 4287 tantum
2738 4204 2810 4305 (²)
2868 4220 3180 4307 tempuS,
3232 4234 3367 4308 per
3416 4223 3771 4308 quantum

1432 4338 1870 4413 distulerunt
1921 4334 2421 4430 poeniteutiam
2476 4334 2547 4407 in
2603 4334 2900 4407 mundo.
2938 4334 3025 4406 Et
3064 4334 3262 4426 quod
3302 4334 3465 4409 dico
3502 4334 3595 4409 de
3630 4334 3779 4409 istis

1433 4459 1788 4555 intelligas
1855 4457 1948 4531 de
2017 4453 2303 4529 caeteris
2374 4453 2933 4550 negligentibus,
3010 4453 3103 4528 de
3178 4454 3445 4549 quibus
3513 4455 3775 4530 dicitur

1433 4600 1669 4672 usque
1717 4577 1808 4651 ad
1862 4576 2265 4671 capitulum
2320 4578 2893 4649 nonum—Ma
2942 4594 2991 4646 a
3044 4582 3123 4647 le.
3176 4574 3305 4648 Hic
3354 4582 3569 4671 poeta
3604 4573 3773 4670 quia

1431 4698 1714 4773 dixerat
1763 4697 2082 4789 Casellae,
2136 4715 2375 4788 quare
2432 4693 2643 4770 vivus
2701 4700 3009 4769 venerat
3076 4694 3169 4769 ad
3234 4696 3770 4791 purgatorium,

1429 4839 1626 4895 nunc
1669 4818 1930 4892 merito
1966 4816 2144 4911 petit
2169 4836 2407 4910 quare
2431 4816 2583 4910 ipse
2616 4820 2905 4891 tantum
2939 4815 3339 4891 tardaverit
3364 4816 3639 4891 venire.
3668 4814 3773 4890 Ad

1547 5088 1603 5149 (⁸)
1637 5087 1699 5137 E.
1729 5090 1784 5135 et
1813 5086 2090 5137 adducere.
2529 5084 2585 5149 (²)
2620 5086 2681 5137 E.
2716 5092 2919 5137 tautum
2952 5087 3218 5150 temporis.
