4392 6850
1451 969 1548 1036 38
2177 979 2589 1036 com-:mum
2639 982 3079 1037 PURGATORH

1450 1126 1673 1222 puani
1744 1125 2064 1199 romanis
2130 1124 2370 1198 dando
2444 1146 2523 1199 se
2586 1127 2987 1220 Hannibali,
3058 1132 3133 1200 et
3204 1126 3798 1202 ardentissimum

1451 1246 1699 1320 odium
1754 1264 2239 1319 romanorum
2294 1251 2550 1318 contra
2602 1266 2751 1339 eos,
2806 1267 3129 1339 quorum
3172 1245 3323 1318 sitis
3362 1267 3508 1320 non
3562 1253 3802 1342 posset

1448 1365 1804 1462 sanguine
1855 1364 2142 1457 satiari3
2179 1370 2257 1438 et
2289 1365 2733 1440 concludens
2773 1366 3136 1461 persuasit
3176 1365 3318 1440 levi
3372 1371 3447 1440 et
3497 1367 3801 1440 honesta

1451 1493 1688 1560 morte
1738 1505 1950 1580 posse
2002 1485 2213 1559 vitari
2266 1485 2512 1559 omnia
2548 1487 2838 1584 acerba.
2878 1485 3143 1582 Viginti
3180 1493 3460 1580 septem
3506 1492 3799 1560 senato-

1447 1627 1566 1681 res
1615 1605 2086 1680 sociaverunt
2135 1625 2313 1678 eum
2364 1605 2696 1700 domum,
2752 1605 2877 1679 ubi
2931 1613 3092 1680 erat
3151 1616 3491 1700 paratum
3548 1606 3799 1680 conv-i-

1445 1725 1677 1819 vium,
1705 1731 1780 1800 et
1813 1745 2072 1799 omnes
2110 1725 2365 1819 repleti
2404 1726 2638 1799 multo
2672 1725 2836 1800 cibo
2871 1733 2945 1800 et
2979 1727 3149 1801 vino
3184 1747 3555 1801 venenum
3594 1749 3797 1801 sum-

1447 1852 1748 1941 pserunt
1775 1870 1796 1940 3
1873 1852 1948 1921 et
2021 1845 2124 1919 sic
2186 1865 2444 1920 omnes
2510 1846 2792 1921 liberati
2862 1853 3034 1921 sunt
3099 1855 3495 1942 antequam
3570 1854 3798 1943 portae

1445 1966 1772 2040 hostibus
1822 1966 2312 2060 aperirentur.
2351 1965 2469 2040 Sic
2506 1987 2655 2040 una
2706 1967 2950 2041 brevis
3000 1967 3198 2063 potio
3243 1967 3581 2041 liberavit
3629 1988 3797 2041 cor-

1444 2103 1582 2182 pus
1632 2107 1676 2158 a
1729 2085 2089 2179 cruciatu,
2140 2085 2473 2159 animum
2528 2106 2571 2160 a
2624 2086 3094 2180 contumelia,
3147 2088 3401 2161 oculos
3452 2097 3527 2163 et
3576 2107 3797 2162 aures

1443 2231 1490 2283 a
1541 2206 1851 2282 videndo
1902 2212 1976 2280 et
2024 2205 2393 2281 audiendo
2444 2206 2761 2304 indigna.
2816 2209 2999 2282 Nota
3050 2207 3272 2281 etiam
3328 2207 3524 2303 quod
3587 2208 3793 2281 multi

1444 2329 1694 2404 dicunt
1745 2327 1942 2422 quod
1995 2327 2111 2400 hic
2163 2328 2341 2401 Cato
2398 2327 2745 2402 Uticensis
2806 2349 2887 2403 se
2950 2329 3362 2424 venenavit,
3426 2328 3624 2424 quod
3688 2336 3799 2402 est

1442 2450 1743 2524 omnino
1794 2449 2106 2540 falsum3
2161 2447 2289 2521 sed
2339 2447 2473 2521 suit
2525 2449 2711 2522 alter
2743 2448 2922 2522 Cato
2960 2454 3293 2544 tempore
3343 2448 3677 2544 Augusti,
3712 2455 3798 2521 ut

1443 2569 1611 2643 dicit
1663 2568 2018 2642 Eusebius
2069 2567 2255 2641 libro
2308 2573 2750 2662 temporum.
2789 2570 2975 2642 Nota
3018 2568 3237 2643 etiam
3290 2567 3487 2661 quod
3545 2569 3796 2642 Vicen-

1445 2690 1588 2764 tius
1638 2687 2104 2763 Beluacensis
2156 2688 2230 2761 in
2283 2707 2420 2762 suo
2463 2689 2759 2782 speculo
2801 2686 3172 2782 historiali,
3209 2688 3405 2782 quod
3443 2687 3576 2762 suit
3611 2708 3794 2782 opus

1444 2829 1620 2884 vere
1660 2809 2032 2905 gallicum,
2066 2807 2337 2902 scribit,
2391 2786 2586 2902 quod
2622 2808 2737 2881 hic
2774 2809 2951 2882 cato
2996 2807 3344 2883 uticensis
3378 2807 3545 2882 fecit
3584 2807 3789 2882 libel-

1441 2931 1599 3002 lum
1653 2949 1828 3022 quo·
1855 2929 2067 3024 pueri
2119 2928 2523 3002 scholastici
2578 2934 2932 3022 utuntur3
2976 2927 3174 3021 quod
3218 2948 3362 3000 non
3404 2929 3645 3000 solum
3682 2933 3790 3002 est

1442 3049 1708 3124 falsum
1762 3050 1888 3124 sed
1941 3049 2409 3144 impossibile,
2445 3049 2618 3143 quia
2671 3049 2746 3122 in
2796 3049 2917 3123 illo
2970 3049 3210 3122 libello
3260 3047 3341 3121 fit
3390 3051 3667 3123 mentio
3699 3049 3791 3124 de

1439 3171 1760 3264 Lucan0,
1814 3170 1940 3263 qui
1994 3171 2131 3242 fuit
2181 3177 2515 3264 tempore
2564 3170 2891 3244 Neronis.
2944 3169 3127 3244 Dicit
3178 3170 3395 3243 etiam
3436 3168 3634 3262 quod
3668 3169 3785 3244 Ci-

1441 3310 1617 3365 cero
1685 3290 1843 3363 sons
1908 3309 2237 3364 romanae
2306 3289 2743 3384 eloquentiae
2804 3288 2939 3362 fuit
3004 3289 3287 3385 legatus
3352 3288 3655 3363 Caesaris
3716 3289 3788 3361 in

1439 3411 1695 3505 Gallia,
1747 3410 1946 3506 quod
1997 3417 2105 3486 est
2156 3409 2485 3486 similiter
2538 3408 2823 3504 falsum,
2862 3409 3034 3505 quia
3074 3410 3193 3485 ille
3227 3409 3364 3484 fuit
3402 3411 3483 3499 Q.
3536 3410 3789 3485 Cicero

1441 3534 1668 3607 frater
1717 3534 1804 3606 M.
1859 3532 2250 3625 Ciceronis,
2290 3537 2373 3603 ut
2395 3531 2550 3625 jam
2588 3532 2865 3605 dictum
2904 3541 3015 3607 est
3054 3552 3299 3626 supra.
3322 3536 3600 3604 —Non
3631 3552 3781 3604 son.

1440 3652 1569 3726 Hic
1621 3652 1878 3727 ultimo
1932 3652 2271 3748 Virgilius
2325 3650 2711 3746 respondet
2776 3651 3029 3724 Catoni
3090 3649 3180 3724 ad
3244 3650 3533 3725 tertiam
3604 3649 3789 3745 peti-

1443 3773 1740 3867 tionem,
1807 3772 1979 3866 quia
2045 3772 2223 3847 Cato
2292 3772 2633 3866 superius
2703 3771 3061 3866 petiverat
3136 3772 3193 3844 si
3272 3773 3470 3867 leges
3544 3771 3781 3866 abyssi

1439 3898 1652 3966 erant
1701 3892 1801 3968 ita
1845 3894 2133 3967 violatae
2148 3918 2167 3987 3
2221 3892 2385 3967 ideo
2436 3892 2645 3967 dicit:
2689 3896 2740 3965 li
2770 3894 2958 3966 editci
2986 3896 3228 3981 eterni,
3262 3892 3469 3987 idest,
3507 3912 3785 3987 praece-

1438 4020 1560 4108 pta
1610 4013 1889 4108 divina3
1939 4020 2050 4088 est
2101 4014 2298 4087 enim
2340 4013 2660 4087 edictum
2698 4020 3147 4108 praeceptum
3192 4013 3551 4109 principis,
3590 4014 3785 4088 unde

1437 4134 1513 4208 in
1551 4133 1987 4229 Evangelio:
2019 4136 2259 4206 Exivi!
2288 4136 2578 4206 edictum
2613 4154 2662 4205 a
2702 4136 2979 4206 Caesare
3013 4140 3322 4225 Auyusto
3357 4140 3784 4228 etc.,—non

1435 4278 1566 4329 son
1598 4259 1830 4347 quasti
1856 4277 1988 4346 per
2018 4257 2164 4345 noi,
2202 4254 2399 4347 quod
2451 4254 2693 4327 statim
2748 4255 3032 4349 probat,
3068 4254 3353 4329 dicens:
3390 4248 3513 4326 che*
3541 4256 3783 4344 questi,

1435 4376 1706 4451 scilicet
1754 4377 2043 4470 DanteS,
2087 4378 2286 4468 vive;
2322 4382 2396 4449 et
2437 4375 2756 4449 edictum
2806 4374 3013 4467 quod
3060 4376 3252 4470 dicit,
3291 4376 3489 4470 quod
3540 4376 3785 4449 nullus

1435 4516 1766 4591 unquam
1805 4496 2068 4573 evadat
2102 4496 2196 4568 ab
2232 4494 2540 4589 inferno,
2574 4494 3001 4590 intelligitur
3034 4495 3127 4570 de
3160 4496 3470 4569 mortuis
3505 4496 3578 4569 in
3614 4514 3785 4590 pec-

1436 4616 1614 4689 catis
1675 4616 2057 4709 obstinate,
2120 4620 2191 4690 et
2258 4636 2397 4711 ego
2458 4613 2625 4688 licet
2687 4621 3052 4709 mortuuS,
3106 4636 3255 4689 non
3316 4621 3566 4689 tamen
3616 4636 3781 4687 sum

1435 4736 1826 4810 damnatus
1860 4736 1951 4810 ad
1986 4756 2280 4832 poenam
2320 4736 2503 4809 intra
2547 4733 2952 4829 infernum3
2992 4735 3187 4810 unde
3212 4735 3413 4809 dicit:
3450 4758 3487 4808 e
3522 4739 3775 4826 Minos,

1436 4858 1564 4951 qui
1624 4856 1889 4931 dicitur
1954 4857 2184 4952 judex
2258 4856 2544 4948 inferni,
2598 4862 2672 4929 et
2730 4860 2842 4929 est
2881 4854 3245 4949 judicium
3297 4856 3779 4949 conscientiae,

1435 4979 1596 5053 ideo
1645 4978 2012 5053 Homerus
2062 4978 2158 5051 XI
2209 4977 2548 5073 Odysseae
2612 4975 2734 5050 dat
2803 4975 2935 5049 sibi
2995 4996 3315 5051 aureum
3380 4983 3775 5071 sceptrum,

1431 5122 1575 5174 non
1625 5104 1782 5191 [eya
1832 5120 1965 5192 me,
2015 5099 2222 5194 idest,
2264 5117 2409 5172 non
2452 5096 2628 5193 ligat
2661 5102 2735 5171 et
2768 5096 3090 5191 damnat,
3126 5097 3335 5191 quasi
3379 5096 3592 5191 dicat,
3627 5118 3773 5171 non
