4392 6850
1265 983 1540 1039 CANTUS
1587 982 1904 1039 DECIMUS
1949 983 2239 1038 SEXTUS·
2776 974 2915 1039 427

576 1149 711 1224 ea;
765 1128 996 1204 iratus
1031 1147 1211 1202 vero
1245 1127 1414 1202 licet
1447 1127 1759 1204 retineat
1789 1129 2042 1202 lumen
2077 1128 2427 1223 corporis,
2467 1135 2715 1204 tamen
2750 1150 2919 1226 per-

574 1248 676 1324 dit
725 1248 980 1324 lumen
1043 1248 1360 1323 rationis.
1415 1249 1670 1323 Caecus
1727 1249 1946 1324 etiam
2013 1249 2323 1324 incurrit
2380 1250 2732 1324 damnum
2800 1251 2935 1326 vel-

579 1375 894 1444 mortem
945 1369 1370 1466 ignoranter
1422 1375 1496 1445 et
1543 1369 1918 1464 dolenter-3
1967 1369 2096 1446 sed
2159 1370 2391 1445 iratus
2450 1369 2616 1446 ferit
2666 1377 2740 1446 et
2790 1391 2915 1446 oc-

575 1489 742 1565 cidit
791 1489 973 1564 alios
1025 1497 1100 1564 et
1149 1511 1230 1564 se
1279 1490 1593 1566 scienter
1654 1497 1730 1565 et
1787 1491 2096 1566 libenter
2156 1497 2453 1587 propter
2510 1491 2913 1587 appetitum

575 1609 928 1704 vindictae,
983 1610 1171 1685 sicut
1219 1611 1466 1685 scribit
1515 1611 1762 1685 Livius
1794 1611 1888 1686 de
1921 1613 2290 1706 RomaniS,
2334 1613 2665 1706 quicum
2715 1620 2914 1689 tanta

573 1729 681 1805 ira
731 1737 806 1806 et
855 1730 1022 1804 odio
1073 1738 1593 1826 pugnaverunt
1645 1739 1902 1806 contra
1953 1731 2338 1826 SamniteS,
2376 1753 2417 1806 a
2473 1732 2740 1825 quibus
2792 1753 2915 1808 re-

575 1855 918 1944 ceperant
965 1850 1525 1946 ignominiosam
1577 1849 1947 1944 iniuriam,
1986 1852 2184 1946 quod
2219 1851 2414 1926 oculi
2466 1873 2731 1927 eorum
2780 1853 2911 1926 visi

574 1977 744 2045 sunt
791 1971 1058 2046 ardere
1109 1971 1181 2044 in
1233 1971 1518 2066 proelio,
1555 1979 1630 2046 et
1663 1979 1826 2067 post
1875 1973 2260 2048 victoriam
2315 1973 2587 2048 furiose
2636 1973 2915 2048 interfi-

573 2091 858 2166 ciebant
908 2111 1140 2186 equos
1190 2098 1264 2166 et
1313 2091 1454 2166 alia
1506 2093 1868 2167 animalia.
1905 2093 1992 2166 Et
2025 2093 2237 2171 dicit:
2274 2093 2377 2168 sic
2428 2092 2649 2186 ibam,
2684 2095 2911 2166 ascol-

574 2213 786 2284 tando
845 2213 902 2284 il
959 2214 1100 2284 mio
1156 2214 1365 2303 duca,
1427 2211 1698 2286 scilicet
1755 2212 2161 2308 Virgilium,
2216 2212 2341 2308 qui
2403 2214 2607 2288 velut
2674 2211 2913 2286 bo'nus

568 2330 716 2404 dux
769 2351 918 2405 non
967 2338 1356 2406 contentus
1413 2333 2008 2407 accommodasse
2073 2334 2249 2408 mihi
2318 2333 2719 2408 humerum
2780 2332 2911 2406 ad-

569 2449 916 2525 monebat
966 2472 1088 2526 me
1152 2452 1418 2546 verb03
1482 2451 1678 2526 unde
1727 2453 1935 2527 dicit:
1987 2455 2108 2526 che
2153 2455 2380 2545 dicea,
2432 2453 2530 2526 fili
2598 2454 2723 2547 mi,
2769 2473 2912 2546 pur

567 2573 879 2661 oum-da,
919 2575 1038 2644 che
1085 2574 1186 2645 da
1235 2593 1342 2646 me
1391 2579 1460 2646 lu
1511 2593 1656 2644 non
1705 2575 1794 2645 sii
1841 2593 2142 2666 mozzo;
2193 2573 2403 2666 quasi
2444 2573 2674 2648 dicat:
2726 2594 2909 2650 cave

571 2709 666 2764 ne
711 2690 821 2765 ira
874 2692 1192 2766 violenta
1244 2712 1548 2786 quoquo
1600 2691 1819 2767 modo
1869 2699 2160 2787 separet
2204 2698 2278 2767 te
2310 2713 2353 2766 a
2392 2713 2537 2787 me,
2572 2694 2747 2788 quia
2799 2694 2909 2771 sa-

570 2808 800 2884 ciliter
825 2803 898 2903 (¹)
955 2819 1028 2886 et
1095 2812 1238 2887 cito
1300 2832 1550 2907 posses
1607 2811 1917 2907 perdere
1971 2833 2113 2906 me,
2164 2819 2239 2888 et
2298 2813 2505 2890 tarde
2547 2815 2664 2888 vel
2716 2835 2909 2888 nun-

570 2951 794 3024 quam
835 2931 1266 3006 reinvenire.
1285 2937 1478 3004 -Ῑο
1499 2937 1744 3006 sentia.
1773 2933 1982 3007 Nunc
2013 2939 2228 3028 poeta
2262 2922 2605 3009 describit
2636 2935 2911 3009 oratio-

569 3069 736 3125 nem
781 3049 1122 3125 devotam
1159 3052 1706 3146 iracundorum,
1741 3059 1816 3127 et
1849 3052 2049 3127 clare
2093 3050 2284 3146 dicit,
2322 3053 2520 3147 quod
2564 3053 2907 3150 petebant

568 3176 644 3244 et
675 3173 1101 3266 repetebant
1142 3171 1386 3264 Amans
1417 3177 1552 3246 Dei
1573 3199 1596 3246 .·
1647 3174 1775 3248 sed
1825 3172 2018 3249 dices
2070 3173 2339 3268 forsan,
2371 3174 2625 3270 lector,
2670 3195 2907 3270 quare

565 3289 705 3364 hoc
741 3282 868 3384 (²)‘t
898 3292 1098 3386 Dico,
1135 3294 1332 3387 quod
1367 3315 1512 3367 non
1555 3293 1712 3368 sine
1745 3315 2017 3390 magno
2054 3293 2453 3368 ministerio
2486 3295 2626 3369 hoc
2676 3295 2903 3393 fingit.

565 3409 672 3485 Ad
725 3411 924 3506 quod
983 3414 1152 3488 volo
1211 3420 1286 3489 te
1345 3414 1554 3507 scire,
1615 3413 1836 3509 quod,
1889 3413 2077 3489 sicut
2134 3413 2385 3489 scribit
2442 3413 2909 3512 philosophus

563 3530 624 3603 Π
673 3532 1260 3628 Rhetoricorum,
1303 3536 1512 3609 multi
1565 3540 1736 3610 sunt
1789 3534 1982 3609 modi
2033 3533 2303 3628 quibus
2352 3541 2589 3629 potest
2639 3536 2908 3631 placari

569 3652 820 3749 iratuS,
861 3656 1050 3731 inter
1089 3677 1274 3751 quos
1312 3679 1504 3731 unus
1535 3664 1647 3733 est
1689 3656 2104 3752 potissimus
2125 3646 2227 3750 (³),
2267 3656 2559 3752 quando
2612 3658 2731 3732 ille
2780 3658 2906 3750 qui

565 3774 732 3850 fecit
781 3776 1122 3852 iniuriam
1160 3777 1497 3871 humiliat
1529 3798 1610 3853 se
1643 3777 1984 3852 iniuriam
2015 3797 2250 3873 passo,
2270 3784 2345 3851 et
2371 3777 2663 3853 veniam
2694 3780 2903 3874 petit:

567 3894 762 3969 unde
793 3895 984 3990 dicit,
1013 3897 1210 3991 quod
1241 3898 1336 3972 ad
1371 3897 1785 3971 humiliatos
1819 3904 2050 3973 cesset
2085 3897 2220 3991 ira,
2258 3918 2479 3973 canes
2512 3900 2905 3993 ostendunt

563 4015 688 4109 qui
724 4036 871 4090 non
916 4015 1250 4092 mordent
1299 4018 1724 4093 inclinantes
1757 4038 1838 4092 se
1870 4018 2024 4093 sibi.
2061 4018 2273 4092 Modo
2316 4017 2410 4093 ad
2447 4019 2899 4114 propositum

562 4134 677 4209 isti
743 4136 1075 4210 iracundi
1135 4144 1394 4233 petunt
1453 4138 1740 4213 veniam
1813 4138 2274 4214 humiliantes
2334 4160 2415 4214 se
2481 4140 2689 4235 Agno
2747 4140 2899 4236 Dei,

562 4276 786 4351 quem
839 4266 1419 4352 provocaverant
1461 4259 1553 4333 ad
1590 4260 1774 4335 iram
1815 4260 2234 4355 irascend03
2270 4259 2398 4353 qui
2451 4260 2705 4356 Agnus
2754 4282 2901 4336 non

561 4382 672 4451 ωε
705 4377 936 4452 iratus
977 4378 1450 4453 inserentibus
1499 4379 1632 4453 sibi
1681 4373 2076 4454 ludibrium
2128 4386 2204 4453 et
2254 4379 2714 4474 supplicium,
2750 4380 2901 4455 imo
3018 4394 3029 4405 ·

561 4498 865 4595 rogabat
916 4519 1050 4594 pro
1103 4498 1257 4573 illis.
1311 4498 1492 4573 Dicit
1543 4520 1772 4597 ergo:
1824 4503 1894 4573 io
1943 4502 2166 4573 sentia
2208 4520 2397 4590 voce,
2433 4518 2569 4574 nec
2607 4498 2903 4575 videbat

475 4642 482 4647 ·
557 4618 902 4694 facientes
953 4639 1156 4713 eam3
1209 4627 1284 4695 et
1335 4640 1508 4695 ecce
1549 4621 1863 4695 formam
1903 4620 2284 4694 orationis:
2320 4630 2363 4692 e·
2397 4623 2727 4693 ciascuna
2756 4640 2901 4714 pa-

556 4762 685 4815 rea
728 4762 1004 4834 preyar
1047 4762 1181 4833 per
1217 4762 1400 4834 pace
1461 4762 1500 4814 e
1543 4762 1678 4833 per
1725 4744 2234 4833 misericordia,
2281 4762 2451 4835 quae
2499 4725 2671 4814 sunt
2720 4760 2901 4815 con-

559 4862 784 4937 traria
833 4861 988 4953 irae,
1037 4864 1310 4953 t'Aynel
1369 4864 1445 4935 di
1511 4865 1678 4953 Dic,
1730 4862 1998 4936 scilicet
2063 4860 2460 4956 Christum,
2525 4860 2653 4954 qui
2720 4880 2897 4936 vere
3028 4866 3053 4883 ·

682 5048 738 5109 (¹)
769 5048 832 5099 B·
865 5046 1068 5098 raefflu·
1095 5053 1165 5098 et·
1663 5045 1722 5109 (²)
1754 5048 1815 5097 E.
1849 5048 1952 5099 hoc
1979 5052 2090 5097 est?
2127 5046 2273 5098 nico.

689 5126 742 5188 (³)
775 5124 836 5175 E.
869 5124 1265 5187 potentissimus,
1297 5124 1493 5175 scillcet
1523 5124 1747 5189 quando.
