<?xml version="1.0" encoding="UTF-8"?>
<!DOCTYPE html PUBLIC "-//W3C//DTD XHTML 1.0 Transitional//EN"
    "http://www.w3.org/TR/xhtml1/DTD/xhtml1-transitional.dtd">
<html xmlns="http://www.w3.org/1999/xhtml" xml:lang="en" lang="en">
 <head>
  <title>
</title>
<meta http-equiv="Content-Type" content="text/html;charset=utf-8" />
  <meta name='ocr-system' content='tesseract 3.04.00' />
  <meta name='ocr-capabilities' content='ocr_page ocr_carea ocr_par ocr_line ocrx_word'/>
</head>
<body>
  <div class='ocr_page' id='page_1' title='image "./comentumsuperda02unkngoog_0014.png"; bbox 0 0 4392 6850; ppageno 0'>
   <div class='ocr_carea' id='block_1_1' title="bbox 1445 971 3071 1050">
    <p class='ocr_par' dir='ltr' id='par_1_1' title="bbox 1445 971 3071 1050">
     <span class='ocr_line' id='line_1_1' title="bbox 1445 971 3071 1050; baseline -0.001 -15"><span class='ocrx_word' id='word_1_1' title='bbox 1445 971 1490 1035; x_wconf 79' lang='lat'><strong>2</strong></span> <span class='ocrx_word' id='word_1_2' title='bbox 2169 978 2580 1050; x_wconf 63' lang='lat' dir='ltr'><strong>connum-mu</strong></span> <span class='ocrx_word' id='word_1_3' title='bbox 2628 982 3071 1037; x_wconf 67' lang='lat' dir='ltr'><strong>mmmmm</strong></span> 
     </span>
    </p>
   </div>
   <div class='ocr_carea' id='block_1_2' title="bbox 1390 1123 3790 4947">
    <p class='ocr_par' dir='ltr' id='par_1_2' title="bbox 1390 1123 3790 4947">
     <span class='ocr_line' id='line_1_2' title="bbox 1443 1123 3786 1223; baseline -0.002 -21"><span class='ocrx_word' id='word_1_4' title='bbox 1443 1125 1697 1220; x_wconf 84' lang='lat' dir='ltr'>raudo,</span> <span class='ocrx_word' id='word_1_5' title='bbox 1750 1145 1884 1200; x_wconf 91' lang='lat' dir='ltr'><strong>nec</strong></span> <span class='ocrx_word' id='word_1_6' title='bbox 1921 1131 2225 1220; x_wconf 81' lang='lat' dir='ltr'><strong>possunt</strong></span> <span class='ocrx_word' id='word_1_7' title='bbox 2260 1123 2538 1200; x_wconf 88' lang='lat' dir='ltr'><strong>intrare</strong></span> <span class='ocrx_word' id='word_1_8' title='bbox 2586 1128 3127 1223; x_wconf 86' lang='lat' dir='ltr'><strong>purgatorium,</strong></span> <span class='ocrx_word' id='word_1_9' title='bbox 3173 1127 3301 1200; x_wconf 92' lang='lat' dir='ltr'><strong>sed</strong></span> <span class='ocrx_word' id='word_1_10' title='bbox 3351 1126 3444 1202; x_wconf 91' lang='lat' dir='ltr'><strong>ad</strong></span> <span class='ocrx_word' id='word_1_11' title='bbox 3494 1133 3786 1222; x_wconf 90' lang='lat' dir='ltr'><strong>tempus</strong></span> 
     </span>
     <span class='ocr_line' id='line_1_3' title="bbox 1442 1244 3783 1340; baseline -0.001 -19"><span class='ocrx_word' id='word_1_12' title='bbox 1442 1254 1613 1321; x_wconf 91' lang='lat' dir='ltr'><strong>sunt</strong></span> <span class='ocrx_word' id='word_1_13' title='bbox 1663 1244 2332 1340; x_wconf 82' lang='lat' dir='ltr'><strong>circumvagantes3</strong></span> <span class='ocrx_word' id='word_1_14' title='bbox 2370 1251 2444 1318; x_wconf 91' lang='lat' dir='ltr'><strong>et</strong></span> <span class='ocrx_word' id='word_1_15' title='bbox 2476 1244 2611 1320; x_wconf 90' lang='lat' dir='ltr'><strong>ista</strong></span> <span class='ocrx_word' id='word_1_16' title='bbox 2646 1266 2817 1340; x_wconf 88' lang='lat' dir='ltr'><strong>pars</strong></span> <span class='ocrx_word' id='word_1_17' title='bbox 2848 1247 3067 1321; x_wconf 89' lang='lat' dir='ltr'><strong>durat</strong></span> <span class='ocrx_word' id='word_1_18' title='bbox 3102 1267 3343 1340; x_wconf 92' lang='lat' dir='ltr'><strong>usque</strong></span> <span class='ocrx_word' id='word_1_19' title='bbox 3373 1246 3469 1321; x_wconf 88' lang='lat' dir='ltr'><strong>ad</strong></span> <span class='ocrx_word' id='word_1_20' title='bbox 3503 1267 3783 1320; x_wconf 90' lang='lat' dir='ltr'><strong>nonum</strong></span> 
     </span>
     <span class='ocr_line' id='line_1_4' title="bbox 1441 1365 3785 1465; baseline -0.001 -22"><span class='ocrx_word' id='word_1_21' title='bbox 1441 1368 1864 1464; x_wconf 86' lang='lat' dir='ltr'><strong>capitulum.</strong></span> <span class='ocrx_word' id='word_1_22' title='bbox 1918 1365 2251 1439; x_wconf 87' lang='lat' dir='ltr'><strong>Secunda</strong></span> <span class='ocrx_word' id='word_1_23' title='bbox 2303 1385 2494 1460; x_wconf 69' lang='lat' dir='ltr'><strong>pam,</strong></span> <span class='ocrx_word' id='word_1_24' title='bbox 2548 1367 2816 1442; x_wconf 90' lang='lat' dir='ltr'><strong>scilicet</strong></span> <span class='ocrx_word' id='word_1_25' title='bbox 2874 1368 3411 1465; x_wconf 89' lang='lat' dir='ltr'><strong>purgatorium,</strong></span> <span class='ocrx_word' id='word_1_26' title='bbox 3463 1368 3785 1442; x_wconf 89' lang='lat' dir='ltr'><strong>continet</strong></span> 
     </span>
     <span class='ocr_line' id='line_1_5' title="bbox 1441 1487 3785 1585; baseline -0 -23"><span class='ocrx_word' id='word_1_27' title='bbox 1441 1491 1516 1562; x_wconf 90' lang='lat' dir='ltr'><strong>in</strong></span> <span class='ocrx_word' id='word_1_28' title='bbox 1565 1509 1644 1563; x_wconf 92' lang='lat' dir='ltr'><strong>se</strong></span> <span class='ocrx_word' id='word_1_29' title='bbox 1695 1493 1972 1581; x_wconf 86' lang='lat' dir='ltr'><strong>septem</strong></span> <span class='ocrx_word' id='word_1_30' title='bbox 2024 1506 2301 1581; x_wconf 83' lang='lat' dir='ltr'><strong>genera</strong></span> <span class='ocrx_word' id='word_1_31' title='bbox 2352 1491 2849 1582; x_wconf 86' lang='lat' dir='ltr'><strong>peccatorum,</strong></span> <span class='ocrx_word' id='word_1_32' title='bbox 2901 1487 3031 1582; x_wconf 84' lang='lat' dir='ltr'><strong>q&#39;ui</strong></span> <span class='ocrx_word' id='word_1_33' title='bbox 3092 1495 3507 1585; x_wconf 86' lang='lat' dir='ltr'><strong>purgantur</strong></span> <span class='ocrx_word' id='word_1_34' title='bbox 3563 1510 3608 1562; x_wconf 94' lang='lat' dir='ltr'><strong>a</strong></span> <span class='ocrx_word' id='word_1_35' title='bbox 3667 1509 3785 1562; x_wconf 92' lang='lat' dir='ltr'><strong>se-</strong></span> 
     </span>
     <span class='ocr_line' id='line_1_6' title="bbox 1439 1606 3785 1708; baseline -0.002 -22"><span class='ocrx_word' id='word_1_36' title='bbox 1439 1618 1638 1708; x_wconf 83' lang='lat' dir='ltr'>ptem</span> <span class='ocrx_word' id='word_1_37' title='bbox 1689 1606 2000 1704; x_wconf 87' lang='lat' dir='ltr'><strong>peccatis</strong></span> <span class='ocrx_word' id='word_1_38' title='bbox 2065 1606 2497 1680; x_wconf 83' lang='lat' dir='ltr'><strong>mortalibus</strong></span> <span class='ocrx_word' id='word_1_39' title='bbox 2563 1607 2638 1681; x_wconf 93' lang='lat' dir='ltr'><strong>in</strong></span> <span class='ocrx_word' id='word_1_40' title='bbox 2689 1616 2967 1702; x_wconf 81' lang='lat' dir='ltr'><strong>septem</strong></span> <span class='ocrx_word' id='word_1_41' title='bbox 3030 1608 3443 1705; x_wconf 86' lang='lat' dir='ltr'><strong>gironibus;</strong></span> <span class='ocrx_word' id='word_1_42' title='bbox 3506 1620 3581 1685; x_wconf 88' lang='lat' dir='ltr'><strong>et</strong></span> <span class='ocrx_word' id='word_1_43' title='bbox 3647 1608 3785 1683; x_wconf 83' lang='lat' dir='ltr'><strong>ista</strong></span> 
     </span>
     <span class='ocr_line' id='line_1_7' title="bbox 1440 1725 3779 1824; baseline -0.001 -20"><span class='ocrx_word' id='word_1_44' title='bbox 1440 1732 1661 1805; x_wconf 89' lang='lat' dir='ltr'><strong>durat</strong></span> <span class='ocrx_word' id='word_1_45' title='bbox 1709 1750 1754 1802; x_wconf 93' lang='lat' dir='ltr'><strong>a</strong></span> <span class='ocrx_word' id='word_1_46' title='bbox 1808 1746 1999 1800; x_wconf 91' lang='lat' dir='ltr'><strong>nono</strong></span> <span class='ocrx_word' id='word_1_47' title='bbox 2049 1725 2368 1820; x_wconf 86' lang='lat' dir='ltr'><strong>capitulo</strong></span> <span class='ocrx_word' id='word_1_48' title='bbox 2420 1747 2659 1820; x_wconf 90' lang='lat' dir='ltr'><strong>usque</strong></span> <span class='ocrx_word' id='word_1_49' title='bbox 2715 1727 2808 1801; x_wconf 91' lang='lat' dir='ltr'><strong>ad</strong></span> <span class='ocrx_word' id='word_1_50' title='bbox 2872 1727 3311 1824; x_wconf 89' lang='lat' dir='ltr'><strong>vigesimum</strong></span> <span class='ocrx_word' id='word_1_51' title='bbox 3364 1729 3779 1823; x_wconf 89' lang='lat' dir='ltr'><strong>septimum.</strong></span> 
     </span>
     <span class='ocr_line' id='line_1_8' title="bbox 1441 1845 3779 1942; baseline -0.001 -19"><span class='ocrx_word' id='word_1_52' title='bbox 1441 1850 1681 1925; x_wconf 88' lang='lat' dir='ltr'><strong>Tertia</strong></span> <span class='ocrx_word' id='word_1_53' title='bbox 1715 1866 1909 1942; x_wconf 85' lang='lat' dir='ltr'><strong>pars,</strong></span> <span class='ocrx_word' id='word_1_54' title='bbox 1943 1845 2214 1920; x_wconf 91' lang='lat' dir='ltr'><strong>scilicet</strong></span> <span class='ocrx_word' id='word_1_55' title='bbox 2254 1846 2953 1941; x_wconf 85' lang='lat' dir='ltr'><strong>postpurgatorium‚</strong></span> <span class='ocrx_word' id='word_1_56' title='bbox 2988 1846 3308 1922; x_wconf 89' lang='lat' dir='ltr'><strong>continet</strong></span> <span class='ocrx_word' id='word_1_57' title='bbox 3364 1846 3779 1942; x_wconf 84' lang='lat' dir='ltr'><strong>paradisum</strong></span> 
     </span>
     <span class='ocr_line' id='line_1_9' title="bbox 1443 1965 3781 2059; baseline -0.002 -15"><span class='ocrx_word' id='word_1_58' title='bbox 1443 1967 1896 2059; x_wconf 89' lang='lat' dir='ltr'><strong>deliciarum,</strong></span> <span class='ocrx_word' id='word_1_59' title='bbox 1935 1965 2058 2039; x_wconf 93' lang='lat' dir='ltr'><strong>ubi</strong></span> <span class='ocrx_word' id='word_1_60' title='bbox 2107 1972 2324 2059; x_wconf 82' lang='lat' dir='ltr'><strong>poeta</strong></span> <span class='ocrx_word' id='word_1_61' title='bbox 2371 1965 2715 2038; x_wconf 83' lang='lat' dir='ltr'><strong>describit</strong></span> <span class='ocrx_word' id='word_1_62' title='bbox 2748 1967 3130 2041; x_wconf 87' lang='lat' dir='ltr'><strong>ecclesiam</strong></span> <span class='ocrx_word' id='word_1_63' title='bbox 3166 1967 3297 2042; x_wconf 91' lang='lat' dir='ltr'><strong>Dei</strong></span> <span class='ocrx_word' id='word_1_64' title='bbox 3348 1967 3781 2041; x_wconf 79' lang='lat' dir='ltr'><strong>militantem</strong></span> 
     </span>
     <span class='ocr_line' id='line_1_10' title="bbox 1443 2084 3785 2184; baseline -0.002 -19"><span class='ocrx_word' id='word_1_65' title='bbox 1443 2097 1518 2165; x_wconf 90' lang='lat' dir='ltr'><strong>et</strong></span> <span class='ocrx_word' id='word_1_66' title='bbox 1567 2089 1878 2184; x_wconf 87' lang='lat' dir='ltr'><strong>primam</strong></span> <span class='ocrx_word' id='word_1_67' title='bbox 1932 2085 2459 2180; x_wconf 86' lang='lat' dir='ltr'><strong>apparitionem</strong></span> <span class='ocrx_word' id='word_1_68' title='bbox 2518 2084 2888 2180; x_wconf 82' lang='lat' dir='ltr'><strong>BeatriciS,</strong></span> <span class='ocrx_word' id='word_1_69' title='bbox 2941 2093 3017 2161; x_wconf 88' lang='lat' dir='ltr'><strong>et</strong></span> <span class='ocrx_word' id='word_1_70' title='bbox 3064 2087 3284 2160; x_wconf 90' lang='lat' dir='ltr'><strong>durat</strong></span> <span class='ocrx_word' id='word_1_71' title='bbox 3332 2107 3379 2160; x_wconf 95' lang='lat' dir='ltr'><strong>a</strong></span> <span class='ocrx_word' id='word_1_72' title='bbox 3430 2087 3785 2184; x_wconf 85' lang='lat' dir='ltr'><strong>vigesimo</strong></span> 
     </span>
     <span class='ocr_line' id='line_1_11' title="bbox 1442 2203 3785 2304; baseline -0.002 -20"><span class='ocrx_word' id='word_1_73' title='bbox 1442 2209 1752 2304; x_wconf 89' lang='lat' dir='ltr'><strong>septimo</strong></span> <span class='ocrx_word' id='word_1_74' title='bbox 1803 2225 2043 2300; x_wconf 92' lang='lat' dir='ltr'><strong>usque</strong></span> <span class='ocrx_word' id='word_1_75' title='bbox 2075 2204 2169 2278; x_wconf 91' lang='lat' dir='ltr'><strong>ad</strong></span> <span class='ocrx_word' id='word_1_76' title='bbox 2220 2203 2465 2278; x_wconf 86' lang='lat' dir='ltr'><strong>finem.</strong></span> <span class='ocrx_word' id='word_1_77' title='bbox 2503 2205 2836 2277; x_wconf 90' lang='lat' dir='ltr'><strong>Primum</strong></span> <span class='ocrx_word' id='word_1_78' title='bbox 2870 2205 3271 2299; x_wconf 89' lang='lat' dir='ltr'><strong>capitulum</strong></span> <span class='ocrx_word' id='word_1_79' title='bbox 3310 2207 3785 2301; x_wconf 88' lang='lat' dir='ltr'><strong>prohemiale,</strong></span> 
     </span>
     <span class='ocr_line' id='line_1_12' title="bbox 1443 2325 3788 2422; baseline -0.002 -17"><span class='ocrx_word' id='word_1_80' title='bbox 1443 2337 1595 2406; x_wconf 90' lang='lat' dir='ltr'><strong>tam</strong></span> <span class='ocrx_word' id='word_1_81' title='bbox 1624 2327 1864 2402; x_wconf 86' lang='lat' dir='ltr'><strong>nobile</strong></span> <span class='ocrx_word' id='word_1_82' title='bbox 1891 2347 2116 2420; x_wconf 89' lang='lat' dir='ltr'><strong>quam</strong></span> <span class='ocrx_word' id='word_1_83' title='bbox 2144 2325 2457 2418; x_wconf 90' lang='lat' dir='ltr'><strong>difficile,</strong></span> <span class='ocrx_word' id='word_1_84' title='bbox 2478 2325 2753 2398; x_wconf 84' lang='lat' dir='ltr'><strong>habens</strong></span> <span class='ocrx_word' id='word_1_85' title='bbox 2788 2325 2861 2396; x_wconf 92' lang='lat' dir='ltr'><strong>in</strong></span> <span class='ocrx_word' id='word_1_86' title='bbox 2890 2345 2969 2399; x_wconf 90' lang='lat' dir='ltr'><strong>se</strong></span> <span class='ocrx_word' id='word_1_87' title='bbox 2993 2347 3251 2420; x_wconf 86' lang='lat' dir='ltr'><strong>passus</strong></span> <span class='ocrx_word' id='word_1_88' title='bbox 3276 2327 3525 2421; x_wconf 80' lang='lat' dir='ltr'><strong>fortes,</strong></span> <span class='ocrx_word' id='word_1_89' title='bbox 3552 2333 3788 2422; x_wconf 86' lang='lat' dir='ltr'><strong>potest</strong></span> 
     </span>
     <span class='ocr_line' id='line_1_13' title="bbox 1440 2446 3786 2543; baseline -0.002 -17"><span class='ocrx_word' id='word_1_90' title='bbox 1440 2449 1763 2526; x_wconf 89' lang='lat' dir='ltr'><strong>breviter</strong></span> <span class='ocrx_word' id='word_1_91' title='bbox 1819 2447 2037 2521; x_wconf 90' lang='lat' dir='ltr'><strong>dividi</strong></span> <span class='ocrx_word' id='word_1_92' title='bbox 2105 2446 2176 2519; x_wconf 90' lang='lat' dir='ltr'><strong>in</strong></span> <span class='ocrx_word' id='word_1_93' title='bbox 2239 2453 2559 2538; x_wconf 88' lang='lat' dir='ltr'><strong>quatuor</strong></span> <span class='ocrx_word' id='word_1_94' title='bbox 2618 2451 2861 2540; x_wconf 86' lang='lat' dir='ltr'><strong>partes</strong></span> <span class='ocrx_word' id='word_1_95' title='bbox 2919 2447 3343 2542; x_wconf 82' lang='lat' dir='ltr'><strong>generales3</strong></span> <span class='ocrx_word' id='word_1_96' title='bbox 3414 2447 3489 2520; x_wconf 88' lang='lat' dir='ltr'><strong>in</strong></span> <span class='ocrx_word' id='word_1_97' title='bbox 3554 2447 3786 2543; x_wconf 90' lang='lat' dir='ltr'><strong>prima</strong></span> 
     </span>
     <span class='ocr_line' id='line_1_14' title="bbox 1441 2566 3787 2666; baseline -0.001 -21"><span class='ocrx_word' id='word_1_98' title='bbox 1441 2591 1761 2666; x_wconf 86' lang='lat' dir='ltr'><strong>quarum</strong></span> <span class='ocrx_word' id='word_1_99' title='bbox 1806 2577 2022 2663; x_wconf 88' lang='lat' dir='ltr'><strong>poeta</strong></span> <span class='ocrx_word' id='word_1_100' title='bbox 2073 2586 2285 2640; x_wconf 92' lang='lat' dir='ltr'><strong>more</strong></span> <span class='ocrx_word' id='word_1_101' title='bbox 2317 2586 2453 2639; x_wconf 91' lang='lat' dir='ltr'><strong>suo</strong></span> <span class='ocrx_word' id='word_1_102' title='bbox 2488 2566 2823 2661; x_wconf 89' lang='lat' dir='ltr'><strong>proponit</strong></span> <span class='ocrx_word' id='word_1_103' title='bbox 2857 2572 2931 2640; x_wconf 91' lang='lat' dir='ltr'><strong>et</strong></span> <span class='ocrx_word' id='word_1_104' title='bbox 2972 2567 3282 2641; x_wconf 86' lang='lat' dir='ltr'><strong>invocat.</strong></span> <span class='ocrx_word' id='word_1_105' title='bbox 3334 2569 3412 2640; x_wconf 94' lang='lat' dir='ltr'><strong>In</strong></span> <span class='ocrx_word' id='word_1_106' title='bbox 3466 2569 3787 2642; x_wconf 88' lang='lat' dir='ltr'><strong>secunda</strong></span> 
     </span>
     <span class='ocr_line' id='line_1_15' title="bbox 1440 2678 3781 2781; baseline -0.003 -15"><span class='ocrx_word' id='word_1_107' title='bbox 1440 2688 1780 2766; x_wconf 83' lang='lat' dir='ltr'><strong>describit</strong></span> <span class='ocrx_word' id='word_1_108' title='bbox 1831 2694 2122 2781; x_wconf 89' lang='lat' dir='ltr'><strong>tempus</strong></span> <span class='ocrx_word' id='word_1_109' title='bbox 2173 2706 2579 2760; x_wconf 52' lang='lat' dir='ltr'><strong>amoenumx</strong></span> <span class='ocrx_word' id='word_1_110' title='bbox 2611 2706 2762 2780; x_wconf 92' lang='lat' dir='ltr'><strong>quo</strong></span> <span class='ocrx_word' id='word_1_111' title='bbox 2826 2685 3119 2781; x_wconf 88' lang='lat' dir='ltr'><strong>incoepit</strong></span> <span class='ocrx_word' id='word_1_112' title='bbox 3148 2678 3219 2779; x_wconf 80' lang='lat'><strong>(¹)</strong></span> <span class='ocrx_word' id='word_1_113' title='bbox 3289 2689 3427 2761; x_wconf 88' lang='lat' dir='ltr'><strong>boc</strong></span> <span class='ocrx_word' id='word_1_114' title='bbox 3488 2708 3781 2762; x_wconf 89' lang='lat' dir='ltr'><strong>sacrum</strong></span> 
     </span>
     <span class='ocr_line' id='line_1_16' title="bbox 1440 2806 3785 2906; baseline -0.002 -21"><span class='ocrx_word' id='word_1_115' title='bbox 1440 2832 1626 2906; x_wconf 89' lang='lat' dir='ltr'><strong>opus</strong></span> <span class='ocrx_word' id='word_1_116' title='bbox 1659 2817 1734 2884; x_wconf 93' lang='lat' dir='ltr'><strong>et</strong></span> <span class='ocrx_word' id='word_1_117' title='bbox 1768 2806 2286 2902; x_wconf 91' lang='lat' dir='ltr'><strong>inspectionem</strong></span> <span class='ocrx_word' id='word_1_118' title='bbox 2328 2807 2516 2900; x_wconf 89' lang='lat' dir='ltr'><strong>coeli,</strong></span> <span class='ocrx_word' id='word_1_119' title='bbox 2554 2813 2627 2880; x_wconf 91' lang='lat' dir='ltr'><strong>et</strong></span> <span class='ocrx_word' id='word_1_120' title='bbox 2662 2807 3156 2882; x_wconf 83' lang='lat' dir='ltr'><strong>venerabilem</strong></span> <span class='ocrx_word' id='word_1_121' title='bbox 3198 2809 3577 2882; x_wconf 89' lang='lat' dir='ltr'><strong>custodem</strong></span> <span class='ocrx_word' id='word_1_122' title='bbox 3614 2830 3785 2883; x_wconf 90' lang='lat' dir='ltr'><strong>san-</strong></span> 
     </span>
     <span class='ocr_line' id='line_1_17' title="bbox 1439 2921 3780 3023; baseline -0.001 -19"><span class='ocrx_word' id='word_1_123' title='bbox 1439 2929 1533 3005; x_wconf 93' lang='lat' dir='ltr'><strong>cti</strong></span> <span class='ocrx_word' id='word_1_124' title='bbox 1587 2929 1745 3023; x_wconf 83' lang='lat' dir='ltr'><strong>loci,</strong></span> <span class='ocrx_word' id='word_1_125' title='bbox 1801 2927 1928 3022; x_wconf 93' lang='lat' dir='ltr'><strong>qui</strong></span> <span class='ocrx_word' id='word_1_126' title='bbox 1977 2926 2145 3001; x_wconf 81' lang='lat' dir='ltr'><strong>facit</strong></span> <span class='ocrx_word' id='word_1_127' title='bbox 2187 2923 2301 3000; x_wconf 74' lang='lat' dir='ltr'><strong>&#39;eis</strong></span> <span class='ocrx_word' id='word_1_128' title='bbox 2350 2921 2633 3019; x_wconf 82' lang='lat' dir='ltr'><strong>aliquas</strong></span> <span class='ocrx_word' id='word_1_129' title='bbox 2682 2926 3084 3020; x_wconf 76' lang='lat' dir='ltr'><strong>petitioneS,</strong></span> <span class='ocrx_word' id='word_1_130' title='bbox 3122 2927 3259 3000; x_wconf 88' lang='lat' dir='ltr'><strong>ibi:</strong></span> <span class='ocrx_word' id='word_1_131' title='bbox 3310 2932 3526 3000; x_wconf 82' lang='lat' dir='ltr'><strong>Dolce</strong></span> <span class='ocrx_word' id='word_1_132' title='bbox 3564 2932 3780 3002; x_wconf 85' lang='lat' dir='ltr'><strong>color.</strong></span> 
     </span>
     <span class='ocr_line' id='line_1_18' title="bbox 1439 3041 3785 3144; baseline 0.001 -22"><span class='ocrx_word' id='word_1_133' title='bbox 1439 3052 1519 3123; x_wconf 91' lang='lat' dir='ltr'><strong>ln</strong></span> <span class='ocrx_word' id='word_1_134' title='bbox 1571 3049 1784 3124; x_wconf 88' lang='lat' dir='ltr'><strong>tertia</strong></span> <span class='ocrx_word' id='word_1_135' title='bbox 1835 3047 2149 3121; x_wconf 90' lang='lat' dir='ltr'><strong>ostendit</strong></span> <span class='ocrx_word' id='word_1_136' title='bbox 2200 3047 2572 3140; x_wconf 91' lang='lat' dir='ltr'><strong>quomodo</strong></span> <span class='ocrx_word' id='word_1_137' title='bbox 2607 3045 2949 3142; x_wconf 85' lang='lat' dir='ltr'><strong>Virgilius</strong></span> <span class='ocrx_word' id='word_1_138' title='bbox 2997 3049 3384 3142; x_wconf 90' lang='lat' dir='ltr'><strong>respondet</strong></span> <span class='ocrx_word' id='word_1_139' title='bbox 3432 3041 3525 3123; x_wconf 89' lang='lat' dir='ltr'><strong>ad</strong></span> <span class='ocrx_word' id='word_1_140' title='bbox 3577 3072 3785 3144; x_wconf 85' lang='lat' dir='ltr'><strong>quae-</strong></span> 
     </span>
     <span class='ocr_line' id='line_1_19' title="bbox 1390 3164 3785 3261; baseline 0.001 -19"><span class='ocrx_word' id='word_1_141' title='bbox 1390 3186 1397 3193; x_wconf 81' lang='grc'><em>·</em></span> <span class='ocrx_word' id='word_1_142' title='bbox 1441 3168 1575 3242; x_wconf 90' lang='lat' dir='ltr'><strong>sita</strong></span> <span class='ocrx_word' id='word_1_143' title='bbox 1625 3167 1724 3240; x_wconf 92' lang='lat' dir='ltr'><strong>illi</strong></span> <span class='ocrx_word' id='word_1_144' title='bbox 1775 3167 2118 3261; x_wconf 84' lang='lat' dir='ltr'><strong>portari0,</strong></span> <span class='ocrx_word' id='word_1_145' title='bbox 2173 3172 2247 3239; x_wconf 92' lang='lat' dir='ltr'><strong>et</strong></span> <span class='ocrx_word' id='word_1_146' title='bbox 2296 3164 2474 3260; x_wconf 87' lang='lat' dir='ltr'><strong>petit</strong></span> <span class='ocrx_word' id='word_1_147' title='bbox 2522 3165 2902 3239; x_wconf 91' lang='lat' dir='ltr'><strong>introitum</strong></span> <span class='ocrx_word' id='word_1_148' title='bbox 2954 3167 3049 3240; x_wconf 89' lang='lat' dir='ltr'><strong>ab</strong></span> <span class='ocrx_word' id='word_1_149' title='bbox 3099 3187 3214 3261; x_wconf 85' lang='lat' dir='ltr'><strong>ee,</strong></span> <span class='ocrx_word' id='word_1_150' title='bbox 3266 3169 3401 3241; x_wconf 90' lang='lat' dir='ltr'><strong>ibi:</strong></span> <span class='ocrx_word' id='word_1_151' title='bbox 3455 3174 3555 3242; x_wconf 88' lang='lat' dir='ltr'><strong>Lo</strong></span> <span class='ocrx_word' id='word_1_152' title='bbox 3603 3173 3785 3244; x_wconf 81' lang='lat' dir='ltr'><strong>duca</strong></span> 
     </span>
     <span class='ocr_line' id='line_1_20' title="bbox 1441 3285 3787 3385; baseline 0 -24"><span class='ocrx_word' id='word_1_153' title='bbox 1441 3288 1600 3362; x_wconf 75' lang='lat' dir='ltr'><strong>mio,</strong></span> <span class='ocrx_word' id='word_1_154' title='bbox 1657 3290 1736 3360; x_wconf 93' lang='lat' dir='ltr'><strong>ln</strong></span> <span class='ocrx_word' id='word_1_155' title='bbox 1787 3293 2053 3380; x_wconf 91' lang='lat' dir='ltr'><strong>quarta</strong></span> <span class='ocrx_word' id='word_1_156' title='bbox 2105 3292 2178 3359; x_wconf 91' lang='lat' dir='ltr'><strong>et</strong></span> <span class='ocrx_word' id='word_1_157' title='bbox 2230 3285 2485 3359; x_wconf 87' lang='lat' dir='ltr'><strong>ultima</strong></span> <span class='ocrx_word' id='word_1_158' title='bbox 2537 3286 2850 3360; x_wconf 90' lang='lat' dir='ltr'><strong>ostendit</strong></span> <span class='ocrx_word' id='word_1_159' title='bbox 2898 3288 3270 3380; x_wconf 89' lang='lat' dir='ltr'><strong>quomodo</strong></span> <span class='ocrx_word' id='word_1_160' title='bbox 3320 3297 3565 3362; x_wconf 92' lang='lat' dir='ltr'><strong>custos</strong></span> <span class='ocrx_word' id='word_1_161' title='bbox 3616 3311 3787 3385; x_wconf 90' lang='lat' dir='ltr'><strong>per-</strong></span> 
     </span>
     <span class='ocr_line' id='line_1_21' title="bbox 1440 3405 3787 3505; baseline -0 -21"><span class='ocrx_word' id='word_1_162' title='bbox 1440 3431 1702 3485; x_wconf 90' lang='lat' dir='ltr'><strong>suasus</strong></span> <span class='ocrx_word' id='word_1_163' title='bbox 1754 3407 2084 3483; x_wconf 87' lang='lat' dir='ltr'><strong>concedit</strong></span> <span class='ocrx_word' id='word_1_164' title='bbox 2133 3405 2268 3479; x_wconf 90' lang='lat' dir='ltr'><strong>sibi</strong></span> <span class='ocrx_word' id='word_1_165' title='bbox 2308 3405 2749 3503; x_wconf 90' lang='lat' dir='ltr'><strong>ingressum,</strong></span> <span class='ocrx_word' id='word_1_166' title='bbox 2784 3413 2858 3482; x_wconf 92' lang='lat' dir='ltr'><strong>et</strong></span> <span class='ocrx_word' id='word_1_167' title='bbox 2890 3407 3015 3482; x_wconf 89' lang='lat' dir='ltr'><strong>dat</strong></span> <span class='ocrx_word' id='word_1_168' title='bbox 3049 3409 3385 3503; x_wconf 79' lang='lat' dir='ltr'><strong>quaedam</strong></span> <span class='ocrx_word' id='word_1_169' title='bbox 3422 3417 3787 3505; x_wconf 86' lang='lat' dir='ltr'><strong>praecepta</strong></span> 
     </span>
     <span class='ocr_line' id='line_1_22' title="bbox 1441 3526 3788 3627; baseline -0 -21"><span class='ocrx_word' id='word_1_170' title='bbox 1441 3530 1824 3623; x_wconf 85' lang='lat' dir='ltr'><strong>servanda,</strong></span> <span class='ocrx_word' id='word_1_171' title='bbox 1861 3528 1994 3601; x_wconf 90' lang='lat' dir='ltr'><strong>ibi:</strong></span> <span class='ocrx_word' id='word_1_172' title='bbox 2032 3530 2343 3601; x_wconf 82' lang='lat' dir='ltr'><strong>Marzia.</strong></span> <span class='ocrx_word' id='word_1_173' title='bbox 2382 3526 2557 3601; x_wconf 84' lang='lat' dir='ltr'><strong>Aliae</strong></span> <span class='ocrx_word' id='word_1_174' title='bbox 2594 3535 2765 3601; x_wconf 91' lang='lat' dir='ltr'><strong>sunt</strong></span> <span class='ocrx_word' id='word_1_175' title='bbox 2799 3530 3175 3623; x_wconf 67' lang='lat' dir='ltr'><strong>particulae</strong></span> <span class='ocrx_word' id='word_1_176' title='bbox 3202 3531 3573 3627; x_wconf 84' lang='lat' dir='ltr'><strong>specialeS‚</strong></span> <span class='ocrx_word' id='word_1_177' title='bbox 3600 3552 3788 3625; x_wconf 91' lang='lat' dir='ltr'><strong>quas</strong></span> 
     </span>
     <span class='ocr_line' id='line_1_23' title="bbox 1441 3646 3789 3748; baseline 0 -23"><span class='ocrx_word' id='word_1_178' title='bbox 1441 3651 1824 3748; x_wconf 84' lang='lat' dir='ltr'><strong>assignabo</strong></span> <span class='ocrx_word' id='word_1_179' title='bbox 1864 3650 2082 3744; x_wconf 87' lang='lat' dir='ltr'><strong>juxta</strong></span> <span class='ocrx_word' id='word_1_180' title='bbox 2133 3646 2438 3720; x_wconf 91' lang='lat' dir='ltr'><strong>modum</strong></span> <span class='ocrx_word' id='word_1_181' title='bbox 2492 3646 2788 3721; x_wconf 91' lang='lat' dir='ltr'><strong>solitum</strong></span> <span class='ocrx_word' id='word_1_182' title='bbox 2822 3647 3301 3725; x_wconf 87' lang='lat' dir='ltr'><strong>discurrendo</strong></span> <span class='ocrx_word' id='word_1_183' title='bbox 3352 3672 3485 3746; x_wconf 89' lang='lat' dir='ltr'><strong>per</strong></span> <span class='ocrx_word' id='word_1_184' title='bbox 3536 3651 3789 3748; x_wconf 86' lang='lat' dir='ltr'><strong>singu-</strong></span> 
     </span>
     <span class='ocr_line' id='line_1_24' title="bbox 1442 3768 3786 3867; baseline 0.001 -21"><span class='ocrx_word' id='word_1_185' title='bbox 1442 3774 1568 3846; x_wconf 90' lang='lat' dir='ltr'><strong>las.</strong></span> <span class='ocrx_word' id='word_1_186' title='bbox 1622 3771 1729 3844; x_wconf 87' lang='lat' dir='ltr'><strong>Ad</strong></span> <span class='ocrx_word' id='word_1_187' title='bbox 1779 3769 2099 3865; x_wconf 92' lang='lat' dir='ltr'><strong>primum</strong></span> <span class='ocrx_word' id='word_1_188' title='bbox 2155 3768 2379 3865; x_wconf 88' lang='lat' dir='ltr'><strong>igitur</strong></span> <span class='ocrx_word' id='word_1_189' title='bbox 2438 3768 2737 3844; x_wconf 82' lang='lat' dir='ltr'><strong>veniens</strong></span> <span class='ocrx_word' id='word_1_190' title='bbox 2794 3768 2958 3843; x_wconf 91' lang='lat' dir='ltr'><strong>dico</strong></span> <span class='ocrx_word' id='word_1_191' title='bbox 3016 3770 3215 3864; x_wconf 92' lang='lat' dir='ltr'><strong>quod</strong></span> <span class='ocrx_word' id='word_1_192' title='bbox 3275 3778 3487 3866; x_wconf 89' lang='lat' dir='ltr'><strong>poeta</strong></span> <span class='ocrx_word' id='word_1_193' title='bbox 3546 3774 3786 3867; x_wconf 90' lang='lat' dir='ltr'><strong>primo</strong></span> 
     </span>
     <span class='ocr_line' id='line_1_25' title="bbox 1441 3882 3784 3987; baseline 0 -22"><span class='ocrx_word' id='word_1_194' title='bbox 1441 3890 1778 3987; x_wconf 87' lang='lat' dir='ltr'><strong>proponit</strong></span> <span class='ocrx_word' id='word_1_195' title='bbox 1821 3882 1943 3983; x_wconf 50' lang='grc' dir='ltr'><strong>(ῆι</strong></span> <span class='ocrx_word' id='word_1_196' title='bbox 2011 3889 2349 3985; x_wconf 87' lang='lat' dir='ltr'><strong>proponit</strong></span> <span class='ocrx_word' id='word_1_197' title='bbox 2417 3887 2773 3982; x_wconf 90' lang='lat' dir='ltr'><strong>siquidem</strong></span> <span class='ocrx_word' id='word_1_198' title='bbox 2845 3890 3227 3964; x_wconf 88' lang='lat' dir='ltr'><strong>materiam</strong></span> <span class='ocrx_word' id='word_1_199' title='bbox 3308 3890 3784 3967; x_wconf 89' lang='lat' dir='ltr'><strong>dicendorum</strong></span> 
     </span>
     <span class='ocr_line' id='line_1_26' title="bbox 1443 4008 3786 4106; baseline 0 -18"><span class='ocrx_word' id='word_1_200' title='bbox 1443 4012 1638 4088; x_wconf 88' lang='lat' dir='ltr'><strong>circa</strong></span> <span class='ocrx_word' id='word_1_201' title='bbox 1699 4032 1923 4106; x_wconf 93' lang='lat' dir='ltr'><strong>quam</strong></span> <span class='ocrx_word' id='word_1_202' title='bbox 1994 4010 2229 4105; x_wconf 88' lang='lat' dir='ltr'><strong>aperit</strong></span> <span class='ocrx_word' id='word_1_203' title='bbox 2282 4008 2753 4083; x_wconf 89' lang='lat' dir='ltr'><strong>intentionem</strong></span> <span class='ocrx_word' id='word_1_204' title='bbox 2818 4030 3068 4084; x_wconf 89' lang='lat' dir='ltr'><strong>suam:</strong></span> <span class='ocrx_word' id='word_1_205' title='bbox 3120 4020 3196 4086; x_wconf 90' lang='lat' dir='ltr'><strong>et</strong></span> <span class='ocrx_word' id='word_1_206' title='bbox 3243 4010 3565 4087; x_wconf 87' lang='lat' dir='ltr'><strong>breviter</strong></span> <span class='ocrx_word' id='word_1_207' title='bbox 3614 4012 3786 4088; x_wconf 87' lang='lat' dir='ltr'><strong>dicit</strong></span> 
     </span>
     <span class='ocr_line' id='line_1_27' title="bbox 1443 4130 3781 4228; baseline -0 -21"><span class='ocrx_word' id='word_1_208' title='bbox 1443 4133 1640 4228; x_wconf 92' lang='lat' dir='ltr'><strong>quod</strong></span> <span class='ocrx_word' id='word_1_209' title='bbox 1691 4132 1983 4207; x_wconf 90' lang='lat' dir='ltr'><strong>animus</strong></span> <span class='ocrx_word' id='word_1_210' title='bbox 2033 4131 2192 4205; x_wconf 92' lang='lat' dir='ltr'><strong>eius</strong></span> <span class='ocrx_word' id='word_1_211' title='bbox 2242 4130 2645 4225; x_wconf 90' lang='lat' dir='ltr'><strong>disponitur</strong></span> <span class='ocrx_word' id='word_1_212' title='bbox 2697 4136 2771 4204; x_wconf 94' lang='lat' dir='ltr'><strong>et</strong></span> <span class='ocrx_word' id='word_1_213' title='bbox 2820 4138 3219 4225; x_wconf 87' lang='lat' dir='ltr'><strong>apparatur</strong></span> <span class='ocrx_word' id='word_1_214' title='bbox 3257 4132 3353 4206; x_wconf 93' lang='lat' dir='ltr'><strong>ad</strong></span> <span class='ocrx_word' id='word_1_215' title='bbox 3400 4134 3781 4209; x_wconf 90' lang='lat' dir='ltr'><strong>meliorem</strong></span> 
     </span>
     <span class='ocr_line' id='line_1_28' title="bbox 1446 4250 3785 4347; baseline -0 -19"><span class='ocrx_word' id='word_1_216' title='bbox 1446 4252 1831 4328; x_wconf 88' lang='lat' dir='ltr'><strong>materiam</strong></span> <span class='ocrx_word' id='word_1_217' title='bbox 1881 4250 2459 4345; x_wconf 87' lang='lat' dir='ltr'><strong>describendam,</strong></span> <span class='ocrx_word' id='word_1_218' title='bbox 2513 4270 2738 4343; x_wconf 88' lang='lat' dir='ltr'><strong>quam</strong></span> <span class='ocrx_word' id='word_1_219' title='bbox 2772 4250 3025 4325; x_wconf 83' lang='lat' dir='ltr'><strong>fecerit</strong></span> <span class='ocrx_word' id='word_1_220' title='bbox 3065 4251 3471 4347; x_wconf 88' lang='lat' dir='ltr'><strong>hucusque.</strong></span> <span class='ocrx_word' id='word_1_221' title='bbox 3516 4252 3785 4328; x_wconf 87' lang='lat' dir='ltr'><strong>Ordina</strong></span> 
     </span>
     <span class='ocr_line' id='line_1_29' title="bbox 1441 4370 3783 4470; baseline 0.001 -25"><span class='ocrx_word' id='word_1_222' title='bbox 1441 4373 1730 4448; x_wconf 88' lang='lat' dir='ltr'><strong>literam</strong></span> <span class='ocrx_word' id='word_1_223' title='bbox 1782 4370 1925 4444; x_wconf 90' lang='lat' dir='ltr'><strong>sic:</strong></span> <span class='ocrx_word' id='word_1_224' title='bbox 1963 4374 2068 4442; x_wconf 86' lang='lat' dir='ltr'><strong>La</strong></span> <span class='ocrx_word' id='word_1_225' title='bbox 2115 4372 2457 4457; x_wconf 80' lang='lat' dir='ltr'><strong>navicella</strong></span> <span class='ocrx_word' id='word_1_226' title='bbox 2490 4372 2605 4442; x_wconf 85' lang='lat' dir='ltr'><strong>del</strong></span> <span class='ocrx_word' id='word_1_227' title='bbox 2634 4373 2773 4443; x_wconf 86' lang='lat' dir='ltr'><strong>mio</strong></span> <span class='ocrx_word' id='word_1_228' title='bbox 2804 4374 3132 4463; x_wconf 79' lang='lat' dir='ltr'><strong>in9e9n0,</strong></span> <span class='ocrx_word' id='word_1_229' title='bbox 3167 4371 3374 4467; x_wconf 88' lang='lat' dir='ltr'><strong>idest,</strong></span> <span class='ocrx_word' id='word_1_230' title='bbox 3409 4373 3783 4470; x_wconf 84' lang='lat' dir='ltr'><strong>ingenium</strong></span> 
     </span>
     <span class='ocr_line' id='line_1_30' title="bbox 1441 4490 3788 4592; baseline 0 -25"><span class='ocrx_word' id='word_1_231' title='bbox 1441 4514 1721 4587; x_wconf 84' lang='lat' dir='ltr'><strong>meum,</strong></span> <span class='ocrx_word' id='word_1_232' title='bbox 1773 4490 1971 4587; x_wconf 88' lang='lat' dir='ltr'><strong>quod</strong></span> <span class='ocrx_word' id='word_1_233' title='bbox 2018 4496 2133 4592; x_wconf 78' lang='lat' dir='ltr'><strong>est</strong></span> <span class='ocrx_word' id='word_1_234' title='bbox 2183 4496 2535 4583; x_wconf 88' lang='lat' dir='ltr'><strong>tanquam</strong></span> <span class='ocrx_word' id='word_1_235' title='bbox 2588 4490 2925 4564; x_wconf 80' lang='lat' dir='ltr'><strong>navicula</strong></span> <span class='ocrx_word' id='word_1_236' title='bbox 2950 4515 2970 4585; x_wconf 85' lang='lat'><em>3</em></span> <span class='ocrx_word' id='word_1_237' title='bbox 3022 4497 3098 4565; x_wconf 88' lang='lat' dir='ltr'><strong>et</strong></span> <span class='ocrx_word' id='word_1_238' title='bbox 3139 4492 3309 4566; x_wconf 90' lang='lat' dir='ltr'><strong>dicit</strong></span> <span class='ocrx_word' id='word_1_239' title='bbox 3357 4492 3788 4567; x_wconf 86' lang='lat' dir='ltr'><strong>diminutive</strong></span> 
     </span>
     <span class='ocr_line' id='line_1_31' title="bbox 1444 4609 3790 4708; baseline 0 -22"><span class='ocrx_word' id='word_1_240' title='bbox 1444 4612 1780 4687; x_wconf 83' lang='lat' dir='ltr'><strong>navicula</strong></span> <span class='ocrx_word' id='word_1_241' title='bbox 1832 4611 2112 4686; x_wconf 88' lang='lat' dir='ltr'><strong>ratione</strong></span> <span class='ocrx_word' id='word_1_242' title='bbox 2164 4609 2561 4685; x_wconf 89' lang='lat' dir='ltr'><strong>honestatis</strong></span> <span class='ocrx_word' id='word_1_243' title='bbox 2612 4617 2687 4685; x_wconf 87' lang='lat' dir='ltr'><strong>et</strong></span> <span class='ocrx_word' id='word_1_244' title='bbox 2738 4611 3185 4705; x_wconf 81' lang='lat' dir='ltr'><strong>humilitatis,</strong></span> <span class='ocrx_word' id='word_1_245' title='bbox 3240 4612 3413 4706; x_wconf 90' lang='lat' dir='ltr'><strong>quia</strong></span> <span class='ocrx_word' id='word_1_246' title='bbox 3457 4612 3790 4708; x_wconf 87' lang='lat' dir='ltr'><strong>pervenit</strong></span> 
     </span>
     <span class='ocr_line' id='line_1_32' title="bbox 1441 4731 3785 4827; baseline 0.001 -20"><span class='ocrx_word' id='word_1_247' title='bbox 1441 4732 1535 4807; x_wconf 91' lang='lat' dir='ltr'><strong>ad</strong></span> <span class='ocrx_word' id='word_1_248' title='bbox 1599 4732 1986 4807; x_wconf 90' lang='lat' dir='ltr'><strong>materiam</strong></span> <span class='ocrx_word' id='word_1_249' title='bbox 2057 4731 2435 4806; x_wconf 89' lang='lat' dir='ltr'><strong>humilem.</strong></span> <span class='ocrx_word' id='word_1_250' title='bbox 2504 4732 2688 4806; x_wconf 86' lang='lat' dir='ltr'><strong>Nam</strong></span> <span class='ocrx_word' id='word_1_251' title='bbox 2756 4731 3079 4807; x_wconf 90' lang='lat' dir='ltr'><strong>secundo</strong></span> <span class='ocrx_word' id='word_1_252' title='bbox 3139 4734 3456 4827; x_wconf 88' lang='lat' dir='ltr'><strong>capitulo</strong></span> <span class='ocrx_word' id='word_1_253' title='bbox 3520 4734 3785 4809; x_wconf 81' lang='lat' dir='ltr'><strong>Inferni</strong></span> 
     </span>
     <span class='ocr_line' id='line_1_33' title="bbox 1445 4852 3784 4947; baseline 0.002 -22"><span class='ocrx_word' id='word_1_254' title='bbox 1445 4852 1714 4928; x_wconf 81' lang='lat' dir='ltr'><strong>faciens</strong></span> <span class='ocrx_word' id='word_1_255' title='bbox 1772 4852 2306 4927; x_wconf 88' lang='lat' dir='ltr'><strong>invocationem</strong></span> <span class='ocrx_word' id='word_1_256' title='bbox 2366 4872 2582 4925; x_wconf 90' lang='lat' dir='ltr'><strong>suam</strong></span> <span class='ocrx_word' id='word_1_257' title='bbox 2642 4852 2823 4925; x_wconf 83' lang='lat' dir='ltr'><strong>dixit</strong></span> <span class='ocrx_word' id='word_1_258' title='bbox 2881 4852 3052 4926; x_wconf 89' lang='lat' dir='ltr'><strong>satis</strong></span> <span class='ocrx_word' id='word_1_259' title='bbox 3114 4852 3477 4947; x_wconf 87' lang='lat' dir='ltr'><strong>superbe:</strong></span> <span class='ocrx_word' id='word_1_260' title='bbox 3538 4876 3583 4926; x_wconf 91' lang='grc' dir='ltr'><em>ο</em></span> <span class='ocrx_word' id='word_1_261' title='bbox 3640 4858 3784 4929; x_wconf 81' lang='lat' dir='ltr'><strong>alto</strong></span> 
     </span>
    </p>
   </div>
   <div class='ocr_carea' id='block_1_3' title="bbox 1566 5102 3653 5171">
    <p class='ocr_par' dir='ltr' id='par_1_3' title="bbox 1566 5102 3653 5171">
     <span class='ocr_line' id='line_1_34' title="bbox 1566 5102 3653 5171; baseline 0.001 -17"><span class='ocrx_word' id='word_1_262' title='bbox 1566 5102 1621 5167; x_wconf 87' lang='lat'><strong>(¹)</strong></span> <span class='ocrx_word' id='word_1_263' title='bbox 1653 5103 1705 5154; x_wconf 88' lang='lat' dir='ltr'><strong>S.</strong></span> <span class='ocrx_word' id='word_1_264' title='bbox 1737 5103 1934 5167; x_wconf 83' lang='lat' dir='ltr'><strong>incipit.</strong></span> <span class='ocrx_word' id='word_1_265' title='bbox 2434 5102 2489 5167; x_wconf 81' lang='lat'><strong>(¹)</strong></span> <span class='ocrx_word' id='word_1_266' title='bbox 2523 5106 2613 5153; x_wconf 79' lang='lat'><strong>117</strong></span> <span class='ocrx_word' id='word_1_267' title='bbox 2646 5116 2679 5153; x_wconf 89' lang='lat' dir='ltr'><strong>e</strong></span> <span class='ocrx_word' id='word_1_268' title='bbox 2710 5103 2773 5153; x_wconf 82' lang='lat' dir='ltr'><strong>E.</strong></span> <span class='ocrx_word' id='word_1_269' title='bbox 2804 5104 3049 5167; x_wconf 79' lang='lat' dir='ltr'><strong>proponit</strong></span> <span class='ocrx_word' id='word_1_270' title='bbox 3076 5105 3332 5171; x_wconf 73' lang='lat' dir='ltr'><strong>siquidem</strong></span> <span class='ocrx_word' id='word_1_271' title='bbox 3364 5106 3653 5157; x_wconf 72' lang='lat' dir='ltr'><strong>materiam.</strong></span> 
     </span>
    </p>
   </div>
   <div class='ocr_carea' id='block_1_4' title="bbox 4332 0 4369 3963">
    <p class='ocr_par' dir='ltr' id='par_1_4' title="bbox 4332 0 4369 3963">
     <span class='ocr_line' id='line_1_35' title="bbox 4332 0 4369 3963; baseline 0 0"><span class='ocrx_word' id='word_1_272' title='bbox 4332 0 4369 3963; x_wconf 95' lang='lat' dir='ltr'><strong> </strong></span> 
     </span>
    </p>
   </div>
   <div class='ocr_carea' id='block_1_5' title="bbox 4362 3959 4364 5087">
    <p class='ocr_par' dir='ltr' id='par_1_5' title="bbox 4362 3959 4364 5087">
     <span class='ocr_line' id='line_1_36' title="bbox 4362 3959 4364 5087; baseline 0 0"><span class='ocrx_word' id='word_1_273' title='bbox 4362 3959 4364 5087; x_wconf 95' lang='lat' dir='ltr'><strong> </strong></span> 
     </span>
    </p>
   </div>
  </div>
 </body>
</html>
