4392 6850
1501 964 1643 1033 346
2216 972 2621 1029 αοΜΕΝΤυΜ
2671 970 3113 1028 runca-roan

1495 1120 1590 1197 de
1636 1120 1914 1198 circulo
1962 1119 2456 1215 superborum
2508 1115 2885 1193 ascensuri
2927 1114 3155 1192 alium
3209 1113 3571 1190 circulum
3624 1111 3833 1186 altio-

1497 1262 1656 1317 rem
1690 1262 1826 1338 pro
1858 1240 2322 1338 purgatione,
2358 1239 2800 1314 invenerunt
2835 1255 3225 1311 ascensum
3255 1232 3529 1309 factum
3568 1232 3643 1307 in
3678 1254 3837 1307 mo-

1491 1361 1676 1436 dum
1707 1362 2097 1437 scalarum.
2125 1400 2227 1413 —
2254 1362 2410 1434 Noi.
2447 1359 2577 1433 Hic
2611 1365 2826 1454 poeta
2860 1355 3202 1432 describit
3244 1354 3567 1430 laetitiam
3612 1374 3833 1448 quam

1493 1482 1828 1558 fecerunt
1889 1480 2155 1555 animae
2225 1478 2439 1575 primi
2501 1478 2757 1555 circuli
2817 1477 2910 1552 de
2970 1474 3405 1573 purgatione
3472 1474 3835 1570 superbiae

1494 1601 1684 1676 facta
1735 1600 1810 1675 in
1860 1619 1952 1675 eo
1999 1598 2096 1673 ab
2145 1599 2435 1696 angelo,
2472 1598 2644 1693 quia
2680 1603 3067 1694 coeperunt
3116 1616 3374 1672 omnes
3422 1595 3836 1671 dulcissime

1497 1726 1816 1797 cantare.
1873 1718 2074 1795 Unde
2123 1718 2331 1792 dicit:
2369 1740 2408 1792 e
2464 1722 2641 1811 voci,
2687 1718 2981 1793 illorum
3035 1718 3550 1814 superborum,
3588 1724 3836 1791 canta-

1495 1862 1636 1916 ron
1683 1834 1769 1933 si,
1820 1840 2023 1933 idest,
2078 1844 2227 1913 tarn
2280 1838 2612 1934 dulciter,
2664 1843 2785 1913 che
2834 1842 2958 1912 nol
3002 1840 3195 1913 diria
3244 1859 3585 1930 sermone,
3634 1838 3833 1934 idest,

1495 1984 1644 2039 non
1695 1969 1937 2059 posset
1985 1958 2327 2055 explicari
2378 1978 2723 2035 sermone
2772 1960 3114 2055 viventis3
3158 1966 3233 2035 et
3280 1958 3623 2034 dixerunt
3652 1962 3835 2033 ‘can-

1497 2083 1764 2160 tando:
1819 2084 2019 2155 Beati
2051 2102 2407 2175 pauperes
2453 2084 2701 2174 spiritu
2728 2074 2827 2175 (¹),
2864 2084 3196 2173 quoniam
3228 2084 3544 2175 ipsorum
3582 2087 3686 2153 est
3722 2100 3837 2153 re—

1493 2223 1710 2295 anum
1759 2206 2142 2293 caelorum;
2191 2200 2373 2275 beati
2412 2204 2628 2292 mites,
2664 2204 2997 2295 quoniam
3045 2203 3180 2295 ipsi
3220 2202 3670 2295 possidebunt
3699 2208 3836 2273 ter—

1494 2343 1705 2417 ram,·
1754 2323 1936 2395 beati
1983 2324 2102 2413 qui
2147 2323 2407 2413 layent,
2459 2324 2788 2413 quoniam
2834 2324 2971 2415 ipsi
3016 2322 3556 2395 consolabuntur
3568 2347 3601 2415 ;
3660 2320 3836 2393 beau·

1495 2446 1615 2538 qui
1643 2444 1955 2517 esuriunt
1997 2449 2067 2516 et
2105 2444 2345 2517 sitiunt
2353 2442 2726 2534 Juscitiam,
2762 2446 3092 2535 quoniam
3123 2446 3260 2536 ipsi
3288 2442 3837 2536 saturabantur,-

1493 2564 1675 2637 beati
1723 2564 2233 2653 misericordes,
2268 2564 2599 2655 quoniam
2647 2564 2782 2655 ipsi
2830 2564 3384 2635 misericordiam
3418 2579 3833 2654 consequen-

1495 2690 1654 2778 tur5
1723 2682 1904 2757 beati
1969 2684 2231 2756 mundo
2300 2684 2536 2775 corde,
2602 2686 2933 2775 quoniam
2998 2684 3133 2776 ipsi
3196 2687 3421 2757 Deum
3472 2682 3793 2756 videbunt
3805 2708 3836 2777 ,-

1390 2883 1403 2898 ,
1493 2802 1674 2877 beaa’
1722 2805 1840 2895 qui
1893 2804 2441 2895 persecutionem
2486 2806 2847 2895 patiuntur
2901 2809 3199 2896 propter
3242 2805 3615 2895 justitiam,
3669 2822 3837 2895 quo-

1495 2926 1690 2997 m'am
1739 2926 2054 3016 ipsorum
2103 2930 2207 2996 est
2249 2943 2544 3016 regnum
2594 2926 2949 2997 coelorum.
3002 2923 3118 2998 Sic
3168 2944 3350 3019 ergo
3399 2922 3602 2998 vides
3652 2943 3837 3017 quo-

1499 3043 1720 3118 modo
1771 3044 1928 3117 haec
1985 3043 2208 3118 verba
2262 3044 2707 3118 conveniunt
2757 3044 2907 3118 istis
2972 3044 3097 3139 qui
3158 3046 3273 3119 hic
3328 3052 3742 3142 purgantur
3794 3064 3837 3119 a

1496 3164 1671 3239 vitio
1722 3161 2109 3259 superbiae,
2159 3171 2236 3239 et
2277 3155 2353 3257 (¹)
2402 3162 2565 3239 dico
2615 3170 3122 3257 cantaverunt,
3174 3166 3297 3237 noi
3354 3168 3696 3256 volyendo
3744 3168 3839 3238 ivi

1493 3288 1557 3359 le
1603 3291 1844 3357 nostre
1883 3305 2211 3377 persone,
2253 3284 2459 3379 idest,
2498 3284 2677 3359 dum
2719 3284 3257 3361 diverteremus
3305 3286 3398 3360 ad
3446 3305 3835 3362 ascensum
3913 3376 3923 3382 ‚

1457 3404 1794 3482 ·secundi
1845 3404 2138 3499 circuli3
2191 3412 2269 3481 et
2301 3406 2769 3482 commendat
2817 3406 3040 3481 istum
3092 3413 3394 3484 cantum
3448 3429 3579 3504 per
3629 3406 3837 3483 diffe-

1493 3527 1806 3602 rentiam
1858 3527 1950 3602 ad
2003 3526 2375 3622 planctum
2426 3526 2883 3623 infernalem,
2932 3528 3217 3602 dicens:
3256 3532 3433 3602 Alei!
3483 3529 3691 3624 quasi
3728 3528 3837 3602 di-

1493 3654 1634 3741 cat,
1686 3646 2018 3723 dolenter
2069 3647 2336 3743 refero,
2384 3656 2643 3740 quanto
2694 3651 2909 3740 quelle
2954 3650 3128 3741 voci,
3184 3649 3473 3743 scilicet,
3515 3649 3831 3724 existen-

1491 3766 1678 3843 tium
1731 3767 1804 3841 in
1855 3767 2305 3865 purgatorio,
2367 3789 2499 3842 son
2555 3771 2827 3843 diverse
2882 3770 3053 3842 dall·
3078 3772 3462 3864 infernali!
3521 3776 3596 3845 et
3661 3791 3831 3845 ecce

1493 3888 1864 3982 quomodo
1930 3887 2309 3983 differunt,
2375 3883 2502 3963 che*
2557 3891 2779 3987 quivi,
2854 3887 3170 3984 scilicet,
3240 3889 3312 3963 in
3384 3889 3832 3987 purgatoriO,

1487 4009 1778 4082 s'enlra
1842 4030 1979 4102 per
2045 4011 2270 4104 canti,
2342 4007 2528 4084 sicut
2587 4009 2744 4107 jam
2810 4008 3044 4105 patuit
3108 4030 3332 4105 supra
3396 4010 3469 4083 in
3535 4010 3829 4097 introitu

1493 4127 1758 4223 primo,
1811 4128 1984 4222 quia
2035 4134 2413 4203 cantatum
2466 4129 2639 4203 fuit:
2704 4135 2793 4202 Te
2843 4135 3064 4203 Deum
3115 4133 3485 4205 laudamus
3508 4137 3539 4224 ,³
3591 4137 3668 4205 et
3718 4129 3831 4206 hic

1495 4269 1592 4322 nu
1603 4268 1693 4324 nc
1743 4253 1819 4322 et
1865 4246 2036 4322 alibi
2087 4267 2304 4344 saepe,
2344 4255 2425 4322 ut
2458 4247 2731 4344 patebit
2778 4249 2799 4322 i
2808 4271 2854 4323 n
2895 4269 3280 4345 processu3
3318 4270 3357 4323 e
3398 4245 3663 4342 loaysa,
3700 4251 3837 4326 sci·

1493 4367 1660 4443 licet
1710 4367 1785 4442 in
1836 4368 2232 4463 infernum,
2282 4367 2625 4462 intratur,
2666 4391 2805 4463 per
2854 4371 3138 4442 lamenti
3177 4373 3427 4465 feroci,
3478 4371 3668 4446 sicut
3708 4391 3837 4468 pa-

1493 4489 1632 4565 tuit
1681 4490 1881 4585 quod
1947 4488 2020 4563 in
2081 4489 2322 4585 primo
2373 4489 2677 4566 introitu
2728 4489 2988 4565 inferni
3048 4491 3317 4566 animae
3379 4490 3839 4588 blasphema-

1494 4609 1672 4684 bant
1735 4609 2008 4702 Deum‚
2072 4616 2417 4684 naturam
2487 4618 2564 4685 et
2632 4610 3003 4685 fortunam
3072 4632 3335 4706 suam3
3393 4619 3469 4687 et
3546 4611 3835 4688 Charon

1493 4728 1838 4805 clamavit
1889 4731 2383 4824 quaerelanter
2416 4737 2673 4806 contra
2714 4738 3006 4827 poetam
3049 4731 3328 4827 vivum,
3364 4737 3438 4808 et
3472 4733 3837 4809 Cerberus

1615 4949 1671 5013 (¹)
1703 4949 1764 5001 Ε.
1796 4963 1826 5001 a
1862 4955 1968 5012 11⁷,
2001 4953 2204 5016 spa-ctu.
2245 4953 2375 5006 Hac
2405 4954 2563 5006 verba
2594 4955 2840 5020 leguntur
2872 4957 3108 5008 Maubai
3128 4957 3308 5022 quinto
3330 4957 3573 5022 capitulo,
3600 4958 3689 5008 ubi
3708 4958 3835 5009 dixit

1495 5025 1748 5078 Dominus
1778 5031 1956 5078 noster
1985 5028 2136 5078 Iesus
2168 5029 2433 5082 christun
2467 5032 2619 5082 Beati
2642 5045 2907 5098 pauperes.
3686 5080 3691 5084 .

1621 5098 1678 5162 (²)
1709 5101 1772 5153 B.
1804 5115 1834 5153 e
1869 5107 1977 5165 1¹7,
2011 5108 2066 5155 et
2095 5104 2197 5156 hoc
2229 5106 2363 5158 dico.
