4392 6850
1474 900 1614 968 130
2190 904 2598 960 eomruu
2647 903 3080 958 runc-nonu

1468 1055 1744 1147 vivum,
1795 1055 1858 1126 si
1907 1055 2095 1125 colse
2144 1073 2195 1124 a
2243 1054 2388 1143 noi,
2442 1051 2647 1144 idest,
2697 1050 2789 1124 ad
2842 1069 2969 1124 me
3007 1056 3085 1123 et
3126 1047 3532 1144 Virgilium,
3566 1069 3604 1118 e
3634 1067 3821 1138 poce

1466 1182 1710 1264 mente,
1745 1175 2086 1246 monade
2115 1174 2170 1245 il
2217 1175 2366 1244 viso
2410 1192 2552 1262 pur
2590 1192 2674 1242 su
2708 1173 2951 1262 perta
2990 1172 3246 1260 cascia,
3280 1167 3454 1262 quia
3491 1187 3639 1241 non
3674 1187 3805 1240 su·-

1468 1294 1718 1370 stinuit
1751 1295 2005 1369 levare
2037 1299 2261 1388 caput
2293 1298 2687 1388 gravatum
2718 1291 3037 1364 humore
3067 1295 3308 1364 terrae.
3337 1289 3584 1364 Otium
3614 1288 3808 1363 enim

1468 1423 1544 1492 et
1591 1415 1801 1509 quies
1851 1421 2023 1488 sunt
2072 1414 2240 1487 duae
2277 1418 2517 1508 pestes
2549 1410 2863 1484 bominis
2896 1430 3066 1504 quae
3109 1409 3403 1505 pariunt
3438 1416 3809 1484 tumorem

1468 1535 1759 1630 corpori
1800 1540 1875 1609 et
1908 1533 2327 1629 rubiginem
2367 1531 2649 1625 anim03
2685 1536 2758 1605 et
2791 1530 2964 1605 audi
2998 1530 3314 1605 verbum
3348 1528 3625 1603 tristius
3657 1528 3812 1623 ipso

1467 1663 1687 1749 actu3
1741 1677 1786 1728 e
1827 1657 2058 1728 disse.-
2106 1676 2196 1726 or
2246 1675 2337 1726 va
2398 1660 2470 1726 tu
2526 1674 2607 1725 su
2666 1653 2786 1725 che
2842 1653 3273 1725 &valente
3324 1650 3431 1725 Ita
3480 1649 3811 1744 dicitpi-

1468 1795 1605 1870 ger
1633 1769 1704 1868 (¹)
1761 1774 1941 1868 vilis,
1996 1780 2147 1850 tota
2197 1773 2320 1848 die
2367 1773 2663 1867 quaudo
2710 1771 3051 1868 arguitur
3088 1771 3183 1845 de
3222 1771 3814 1866 pusillanimitate

1471 1917 1646 1969 sua:
1701 1894 1886 1969 vade
1930 1902 2034 1986 tu,
2070 1893 2244 1988 quia
2296 1893 2524 1968 babes
2571 1893 2798 1966 bonas
2832 1911 3113 1986 carnee,
3156 1891 3365 1986 quasi
3407 1884 3637 1966 dicat:
3674 1910 3819 1987 ego

1475 2035 1622 2090 non
1671 2037 1836 2089 sum
1888 2015 2221 2112 augelus,
2259 2034 2392 2089 nec
2434 2014 2672 2088 babeo
2719 2013 2983 2086 ducem
3039 2013 3226 2087 sicut
3270 2019 3374 2105 tu,
3411 2018 3495 2085 ut
3544 2013 3815 2108 possim

1471 2136 1872 2210 ascendere
1921 2142 2249 2209 montem
2302 2135 2647 2208 arduum.
2691 2135 2781 2208 Et
2818 2133 2981 2208 ideo
3017 2132 3186 2206 dicit
3223 2139 3478 2228 poeta:
3529 2134 3817 2206 conob&

1470 2260 1658 2331 altor
1707 2258 1816 2329 clai
1864 2277 2020 2345 era,
2061 2276 2154 2330 ex
2209 2257 2502 2348 loquela
2543 2275 2704 2348 sua,
2741 2255 2914 2348 quia
2966 2254 3281 2328 ducebat
3317 2254 3506 2328 labia
3548 2275 3683 2329 sua
3719 2256 3817 2328 ita

1471 2379 1688 2471 lente,
1742 2383 1816 2451 et
1867 2377 2191 2473 linguam
2247 2377 2434 2450 sicut
2484 2383 2563 2451 et
2616 2383 2886 2450 caetera
2948 2375 3307 2450 membra.
3356 2377 3530 2450 Ideo
3579 2396 3819 2470 quan·

1474 2506 1964 2592 tumcumque
2027 2498 2263 2572 lessus
2318 2498 2590 2572 accessi
2650 2497 2960 2571 libenter
3020 2497 3114 2571 ad
3166 2497 3401 2592 ipsum
3465 2496 3813 2590 otiosum3

1473 2619 1670 2693 unde
1719 2618 1933 2692 dicit:
1986 2641 2023 2690 e
2073 2621 2301 2710 quella
2352 2620 2716 2708 angorem,
2768 2619 2888 2690 che
2945 2620 3036 2689 ω’
3062 2637 3445 2690 avanzava
3495 2638 3592 2690 un
3632 2637 3840 2712 poco·

1473 2760 1698 2812 auctor
1748 2742 1822 2811 Ia
1873 2742 2057 2830 lena,
2110 2738 2285 2831 quia
2336 2758 2545 2813 eram
2595 2739 2695 2811 ita
2748 2737 3002 2831 fessus,
3054 2737 3250 2831 quod
3302 2737 3423 2811 vix
3473 2744 3809 2832 poteram

1476 2861 1862 2955 respirare,
1896 2881 2040 2932 non
2075 2863 2165 2932 ω’
2188 2852 2443 2952 impedi
2492 2863 2536 2931 l’
2563 2860 2802 2931 ander
2846 2879 2895 2930 a
2927 2860 3051 2949 lui,
3087 2858 3259 2951 quia
3296 2857 3545 2951 putavi
3584 2857 3822 2932 modi-

1471 3001 1649 3055 cum
1702 2981 2023 3056 recreari
2074 2999 2420 3054 sermone
2468 2979 2665 3072 eius;
2718 2978 2913 3053 unde
2973 2978 3189 3052 dicit:
3254 3000 3291 3052 e
3346 2980 3592 3070 porcia
3642 2981 3820 3051 clt'a

1473 3104 1572 3174 lui
1611 3104 1719 3194 fui
1766 3104 2034 3192 ymmo,
2087 3090 2253 3171 alzd
2311 3102 2385 3172 la
2446 3105 2616 3172 cesla
2684 3119 2999 3190 αμματω
3063 3098 3227 3172 vide
3279 3098 3651 3191 quomodo
3701 3098 3827 3172 ille

1475 3220 1695 3293 tristis
1745 3221 1934 3294 bene
1984 3219 2389 3294 assurrexit
2439 3218 2737 3292 duobus
2781 3218 2999 3292 tantis
3040 3219 3292 3314 poetiS‚
3327 3226 3403 3293 et
3447 3217 3824 3312 quomodo

1474 3340 1749 3435 recepit
1803 3339 2201 3414 honorifice
2251 3339 2632 3413 concivem
2682 3360 2905 3413 suum
2958 3339 3060 3413 ibi
3106 3339 3391 3434 vivum,
3436 3340 3534 3414 ad
3595 3361 3819 3436 quem

1473 3461 1871 3536 videndum
1936 3462 2183 3535 caeteri
2252 3460 2549 3555 spiritus
2598 3461 3140 3535 concurrebant
3202 3469 3277 3536 et
3341 3462 3821 3536 reverteban-

1475 3589 1600 3655 tur
1628 3574 1728 3672 (2).
1783 3582 1871 3653 Et
1921 3581 2090 3655 audi
2146 3581 2345 3674 quod
2375 3571 2449 3674 (³)
2502 3580 2703 3674 dixit,
2756 3584 3076 3672 dicenda,
3128 3581 3450 3674 irrisive3
3510 3584 3633 3654 1ιαὶ
3690 3582 3839 3654 ben<

1472 3705 1747 3793 veduco,
1798 3723 1991 3774 come
2038 3705 2092 3775 il
2136 3704 2281 3774 sole
2330 3722 2536 3774 mena
2600 3704 2655 3774 il
2706 3722 2925 3774 carro
2985 3704 3155 3775 dall’
3181 3723 3422 3774 omo
3478 3705 3823 3775 sinim?

1473 3822 1680 3912 idest,
1716 3843 1761 3896 a
1811 3823 2096 3917 spatula
2149 3829 2282 3895 tua
2331 3822 2641 3895 sinistra.
2677 3823 2819 3896 Iste
2853 3823 3053 3897 enim
3087 3823 3390 3917 Bilaqua
3432 3843 3584 3896 non
3622 3823 3829 3897 visus

1472 3943 1569 4017 ab
1617 3950 1882 4018 autore
1932 3945 2169 4018 latens
2218 3949 2379 4037 post
2429 3962 2696 4017 saxum
2747 3942 2965 4018 tacite
2998 3944 3550 4018 auscultaverint
3597 3944 3823 4017 cossa·-

1478 4062 1758 4137 tionem
1807 4084 2035 4157 quam
2088 4063 2365 4137 fecerat
2395 4050 2467 4154 (⁴)
2513 4082 2688 4137 cum
2729 4062 3032 4160 Virgilio
3062 4062 3258 4137 circa
3299 4071 3588 4138 motum
3628 4064 3820 4157 solis,

1475 4183 1604 4277 qui
1653 4183 1727 4256 in
1762 4183 1882 4257 illo
1921 4183 2364 4279 hemisperio
2406 4182 2712 4257 feriebat
2758 4203 2931 4257 eum
2968 4203 3017 4257 a
3049 4182 3343 4257 sinistra
3390 4190 3466 4257 et
3514 4183 3838 4258 faciebat

1383 4292 1390 4299 ’
1474 4303 1818 4376 umbram
1871 4324 1918 4377 a
1968 4302 2250 4377 dextra.
2303 4301 2513 4377 Unde
2561 4302 2725 4377 vide
2776 4303 2978 4396 quod
3025 4302 3162 4377 iste
3210 4302 3422 4399 piger
3481 4304 3822 4399 superius

1473 4422 1847 4496 damnavit
1896 4422 2228 4497 laborem
2282 4422 2537 4496 Dantis
2582 4422 2775 4497 circa
2827 4442 3019 4518 opus
3075 4423 3387 4517 virtutis,
3439 4445 3641 4498 nunc
3688 4424 3825 4499 ite-

1481 4562 1651 4615 rum
1685 4542 1986 4617 damnat
2019 4542 2355 4616 laborem
2393 4542 2554 4616 eius
2586 4542 2782 4617 ciroe
2817 4543 3150 4616 studium
3186 4543 3527 4617 scientiae.
3562 4544 3652 4616 Et
3683 4544 3826 4638 bic,

1483 4663 1735 4757 lector,
1772 4663 1939 4737 volo
1988 4670 2066 4738 te
2116 4683 2384 4757 parum
2436 4664 2718 4738 morari
2762 4684 2940 4738 cum
2988 4664 3240 4739 amno
3289 4670 3362 4739 a
3414 4664 3823 4761 imagimri,

1474 4784 1672 4879 quod
1725 4791 1941 4878 poeta
1991 4791 2241 4859 noster
2292 4804 2440 4857 non
2475 4783 2635 4858 sine
2674 4806 2911 4877 quare
2942 4785 3336 4860 introducit
3379 4785 3600 4859 istum
3657 4785 3829 4859 irri-

1605 4972 1657 5033 (“)
1691 4976 1799 5030 117,
1834 4973 1978 5034 piger
2009 4972 2160 5023 nobit
2186 4978 2295 5023 tou
2325 4974 2425 5023 die.
2708 4972 2763 5033 (²)
2798 4979 2904 5033 117,
2939 4976 3326 5025 reverebantur..

1609 5048 1662 5109 (⁸)
1694 5048 1755 5098 E.
1787 5048 1928 5111 quid.
2707 5052 2760 5110 (⁸)
2792 5051 2842 5102 S.
2877 5052 3073 5102 fecerat
3106 5050 3353 5114 Virgilius
3384 5049 3525 5100 cim
3558 5058 3780 5106 motum.
