4392 6850
1382 920 1523 989 550
2162 934 2390 987 mnEx
2441 934 2622 989 'rom
2669 934 2931 987 rEn‘m.
3247 944 3282 973 e

1375 1079 1642 1133 CANTUS
1675 1079 1983 1140 DECIMUS,
2004 1081 2058 1130 in
2076 1094 2181 1145 qno
2203 1085 2388 1131 tractat
2405 1080 2540 1156 sicut
2559 1086 2831 1145 postquam
2849 1080 3042 1131 suerint
3063 1080 3278 1145 ingressi
3295 1086 3501 1144 portam
3515 1082 3596 1133 vi-

1502 1157 1693 1207 derunt
1708 1156 1967 1220 sculptilia
1982 1156 2035 1207 in
2048 1158 2269 1221 quadam
2283 1170 2439 1221 rupe:
2453 1164 2507 1207 et
2517 1158 2686 1221 primo
2701 1157 2943 1222 angelum
2959 1157 3357 1207 annunciantem
3367 1158 3592 1209 Matrem

1500 1232 1724 1293 Domini,
1758 1248 1818 1284 ac
1848 1236 2004 1285 etiam
2038 1235 2316 1285 Traianum
2348 1236 2736 1299 imperatorem,
2765 1240 2816 1284 et
2851 1234 3058 1285 viduam
3092 1238 3354 1299 petentem
3389 1236 3593 1286 miseri-

1502 1310 1757 1375 cordiam;
1790 1312 1928 1377 etin
1958 1310 2059 1361 fine
2090 1312 2155 1362 de
2186 1313 2479 1363 inventione
2511 1313 2858 1375 superborum
2891 1316 3229 1363 oneratorum
3261 1312 3438 1393 petria,
3470 1312 3594 1377 Pag.
3625 1316 3736 1395 2⁷4·

1374 1414 1640 1467 CANTUS
1672 1415 1967 1467 DECIMUS
1998 1416 2270 1477 PRIMUS,
2303 1418 2356 1467 in
2376 1431 2495 1481 ‚quo
2526 1422 2714 1469 tractat
2737 1416 2802 1467 de
2825 1416 3019 1467 eisdem
3040 1416 3274 1480 superbis
3291 1416 3594 1467 canentibus

1499 1491 1655 1543 Pater
1682 1498 1859 1543 noster
1890 1495 2190 1557 rogantibus
2219 1506 2309 1545 eos
2341 1501 2400 1545 ut
2433 1498 2645 1559 preeent
2677 1507 2775 1558 pro
2807 1494 2882 1543 eis
2913 1494 3008 1544 sub
3041 1493 3196 1543 titulo
3217 1492 3496 1544 Humberti
3527 1492 3591 1543 de

1503 1567 1648 1617 Senis
1678 1574 1729 1618 et
1762 1567 1985 1619 aliorum
2018 1570 2334 1631 multorum;
2368 1574 2423 1619 et
2454 1569 2541 1621 bic
2573 1568 2805 1619 declarat
2837 1568 3076 1619 dominus
3093 1568 3457 1619 Provenzanns
3477 1568 3594 1619 Sal-

1504 1645 1619 1695 vani
1650 1645 1714 1694 de
1745 1644 1888 1695 Senis
1918 1646 2052 1697 sicut
2082 1646 2246 1696 inania
2279 1644 2444 1710 gloria
2477 1646 2656 1697 mnndi
2686 1650 2764 1697 est
2797 1650 2981 1697 ventus
3005 1681 3591 1695 ...................
3623 1648 3718 1696 Μ

1372 1747 1639 1801 CANTUS
1672 1749 1967 1801 DECIMUS
1998 1750 2354 1813 SECUNDUS,
2375 1751 2442 1801 'in
2473 1764 2579 1814 quo
2610 1750 2822 1813 exponit
2853 1750 2988 1801 sicut
3025 1751 3078 1799 in
3098 1748 3272 1799 medio
3289 1748 3490 1799 itineris
3509 1749 3593 1800 in-

1497 1833 1751 1879 venerunt
1780 1828 1945 1877 multa
1976 1828 2234 1891 sculptilia
2265 1827 2392 1877 olim
2425 1826 2772 1890 superborum
2803 1838 2934 1889 quos
2969 1837 3150 1876 omnes
3173 1826 3422 1876 nominat.
3447 1826 3515 1877 Et
3537 1826 3592 1877 ln

1496 1906 1597 1955 fine
1628 1905 1763 1955 sient
1792 1904 2001 1968 quidam
2035 1906 2248 1968 angelus
2278 1904 2457 1954 docuit
2487 1905 2622 1967 ipsos
2657 1905 2772 1963 iter,
2805 1908 2860 1953 et
2889 1903 3023 1953 sicut
3053 1903 3124 1953 ibi
3161 1904 3472 1955 audiverunt
3494 1917 3592 1955 vo-

1500 1994 1583 2032 ees
1614 1981 1912 2045 aliquorum
1943 1981 2220 2044 spirituum
2252 1980 2454 2030 invidiae
2467 2016 3590 2031 ....................................
3623 1984 3716 2031 882

1376 2085 1645 2138 CANTUS
1676 2084 1973 2137 DECIMUS
2007 2084 2315 2146 TERTIUS,
2346 2086 2400 2135 in
2431 2098 2536 2149 quo
2581 2090 2768 2137 tractat
2811 2086 2876 2135 de
2923 2086 3182 2149 spiritibus
3220 2086 3590 2137 invidiosorum
3699 2110 3706 2117 ·

1500 2162 1630 2213 sutis
1674 2160 1764 2211 flio
1809 2160 1999 2220 ferreo,
2042 2165 2097 2209 et
2132 2161 2266 2210 sicut
2310 2160 2521 2211 locutus
2551 2164 2630 2211 est
2663 2160 2853 2213 Dentes
2884 2175 3004 2211 cum
3041 2161 3216 2225 aliquo
3247 2176 3436 2213 eorum
3467 2162 3592 2213 olim

1499 2238 1649 2302 Sapia
1680 2238 1745 2289 de
1776 2238 1936 2297 Senis,
1970 2251 2086 2301 qnae
2120 2238 2286 2287 multa
2318 2238 2370 2287 in
2401 2237 2558 2287 simul
2591 2241 2990 2300 receptaverunt
3019 2239 3089 2289 de
3102 2240 3206 2291 isto
3227 2240 3366 2300 vitio,
3391 2246 3445 2291 et
3462 2241 3594 2291 sieut

1501 2316 1609 2379 ipsa
1639 2314 1840 2378 rogavit
1872 2314 2091 2363 Dantem
2124 2318 2462 2376 precaturum
2495 2326 2592 2376 pro
2617 2314 2723 2376 ipsa
2729 2350 3594 2367 ............................
3625 2320 3718 2366 ue

1373 2418 1641 2470 CANTUS
1674 2416 1970 2470 DECIMUS
2000 2417 2337 2480 QUARTUS,
2366 2419 2456 2469 nbi
2477 2420 2582 2469 duo
2599 2419 2818 2470 illorum
2839 2421 3116 2483 spirituum
3137 2426 3452 2485 rogaverunt
3467 2434 3592 2473 eum

1501 2494 1719 2545 Dantem
1753 2493 1858 2543 illis
1888 2494 2155 2544 dicturum
2186 2494 2251 2543 de
2283 2506 2374 2543 sua
2407 2494 2595 2557 patria3
2627 2499 2683 2545 et
2713 2495 2816 2545 hoe
2837 2495 2976 2547 dicto
2997 2496 3397 2547 abhominantur
3413 2511 3594 2549 omnes

1498 2572 1813 2624 habitatores
1852 2571 2002 2623 vallis
2042 2570 2177 2621 Arni
2210 2584 2239 2620 a
2271 2572 2526 2635 principio
2555 2584 2720 2635 usqne
2751 2572 2816 2622 ad
2849 2572 3028 2633 tinem3
3061 2578 3116 2622 et
3147 2577 3322 2637 postea
3355 2574 3593 2625 abhomi-

1398 2686 1415 2701 .
1500 2653 1693 2698 uantur
1722 2647 2069 2699 romandiolos
2100 2652 2155 2696 et
2173 2646 2488 2706 lombardos,
2511 2650 2566 2697 et
2585 2646 2720 2697 sicut
2744 2660 2925 2698 omnes
2950 2648 3170 2699 virtutes
3189 2650 3241 2699 in
3261 2642 3590 2701 eis'oxtinetae

1501 2730 1639 2785 sunt,
1670 2729 1726 2775 et
1756 2724 1901 2775 nulla
1926 2724 2163 2774 nobilitas
2193 2723 2248 2772 in
2281 2724 2355 2773 eis
2377 2724 2624 2774 remansit
2629 2761 3590 2779 ...............................
3621 2734 3714 2779 3⁷8

1376 2830 1645 2881 CANTUS
1675 2827 1970 2881 DECIMUS
2002 2827 2312 2891 QUINTUS,
2345 2830 2396 2879 in
2429 2842 2535 2893 qno
2568 2834 2756 2880 tractat
2787 2830 2922 2879 sicut
2958 2842 3052 2893 per
3095 2829 3336 2893 angelum
3379 2831 3592 2883 suerunt

1503 2906 1662 2967 ducti,
1695 2912 1748 2955 et
1778 2906 1910 2955 sicut
1942 2905 2190 2970 Virgilius
2223 2904 2501 2957 declaravit
2533 2906 2758 2969 aliquam
2790 2906 3127 2969 quaestionem
3157 2907 3222 2956 de
3255 2907 3431 2971 aliquo
3449 2907 3590 2959 dicto

1502 2983 1643 3033 illins
1673 2980 1911 3045 Raynerii
1946 2981 2009 3030 de
2041 2980 2412 3040 Romandiolag
2443 2986 2500 3030 et
2530 2986 2706 3044 postea
2738 2981 2872 3031 sicut
2901 2981 2955 3030 in
2987 2982 3208 3045 quadam
3241 2984 3432 3033 visione
3466 2984 3593 3037 vidit

1505 3058 1703 3123 aliquas
1732 3058 1923 3121 figuras
1954 3070 2069 3121 quae
2103 3056 2380 3119 disponunt
2411 3056 2592 3107 vitium
2623 3056 2994 3107 iracundornm
3009 3094 3589 3111 ...................
3622 3063 3714 3112 403

1375 3162 1642 3216 CANTUS
1675 3161 1971 3214 DECIMUS
2003 3161 2282 3222 SEXTUS,
2313 3163 2368 3213 in
2397 3175 2504 3225 quo
2535 3166 2723 3213 tractat
2753 3162 2818 3213 de
2849 3163 3109 3213 iracundis
3125 3164 3222 3213 sub
3243 3164 3396 3216 titulo
3415 3166 3583 3216 cuina-

1500 3242 1619 3291 dam
1650 3242 1815 3291 vocati
1846 3239 2028 3299 Marci,
2062 3239 2153 3303 qui
2184 3252 2308 3289 cum
2339 3239 2413 3287 eis
2445 3238 2610 3289 multa
2641 3240 2768 3289 dixit
2800 3240 2938 3289 circa
2971 3238 3104 3290 facta
3127 3240 3276 3293 liberi
3297 3241 3516 3303 arbitrii,
3537 3248 3591 3293 et

1498 3319 1633 3369 sieut
1662 3317 1942 3380 adsignavit
1972 3316 2229 3367 rationem
2259 3316 2400 3380 quod
2433 3322 2648 3380 propter
2679 3317 2987 3393 discordiam
3022 3331 3272 3381 paparum
3307 3319 3591 3383 imperato-

1501 3407 1635 3454 rum,
1652 3392 1947 3444 destructus
1976 3398 2057 3443 est
2086 3392 2312 3442 mundus
2317 3429 3591 3447 .........................................
3623 3399 3716 3446 tas

1371 3497 1641 3550 CANTUS
1672 3496 1967 3550 DECIMUS
1998 3497 2352 3558 SEPTIMUS,
2383 3497 2472 3548 ubi
2505 3503 2620 3561 post
2647 3498 2873 3563 aliquam
2899 3499 3144 3548 visionem
3166 3499 3445 3550 declaravit
3466 3500 3591 3551 Vir-

1496 3575 1651 3639 gilius
1680 3575 1863 3626 modos
1893 3575 2101 3635 amoris,
2132 3581 2188 3626 et
2220 3581 2350 3639 quot
2379 3576 2547 3625 modis
2577 3575 2807 3626 nascitur
2831 3576 2884 3626 in
2904 3574 3130 3636 homine,
3153 3589 3213 3628 ae
3230 3575 3388 3626 etiam
3411 3576 3474 3626 de
3495 3589 3590 3628 sno

1497 3653 1789 3714 eontrario;
1820 3656 1876 3702 et
1907 3657 2035 3716 quot
2064 3653 2233 3704 modis
2265 3653 2492 3703 nascitur
2513 3653 2852 3713 eontrarium,
2875 3657 2926 3704 et
2950 3658 3079 3716 quot
3093 3655 3324 3717 personis
3345 3655 3592 3704 commit-

1498 3732 1625 3782 titur
1656 3731 1855 3780 crimen
1886 3729 1986 3780 hoc
1998 3765 3590 3782 ...................................................
3620 3734 3714 3781 453

1375 3835 1647 3888 CANTUS
1666 3835 1963 3887 DECIMUS
1983 3833 2312 3896 OCTAVUS,
2329 3836 2382 3886 in
2403 3849 2509 3900 qno
2525 3839 2714 3886 tractat
2727 3837 2881 3886 etiam
2902 3835 3281 3900 aliquantulum
3301 3836 3366 3886 de
3386 3848 3592 3896 amore;

1496 3919 1553 3964 et
1592 3912 1831 3964 omnibus
1870 3911 2143 3963 declaratis
2180 3918 2299 3977 post
2327 3912 2555 3977 aliquam
2587 3911 2837 3963 visionem
2867 3912 3180 3962 invenerunt
3209 3913 3420 3978 spiritus
3451 3913 3590 3964 acci-

1499 3991 1671 4042 diosoa
1702 3990 1799 4041 sub
1830 3989 1983 4040 titulo
2015 3989 2280 4040 cuiusdam
2315 3990 2510 4040 abbatis
2540 3991 2838 4042 veronensis
2867 3995 2923 4039 et
2953 3990 3177 4041 aliorum
3208 3989 3513 4050 multorum,
3539 3994 3596 4040 et

1499 4069 1564 4118 de
1596 4068 1753 4119 modo
1784 4080 1949 4131 poenae
1969 4100 3590 4119 ....................................................
3624 4071 3718 4116 474

1372 4169 1643 4223 CANTUS
1672 4169 1968 4222 DECIMUS
2000 4170 2236 4232 NONUS,
2259 4171 2348 4222 nbi
2369 4160 2485 4235 post
2514 4171 2742 4236 aliquam
2763 4171 3012 4222 visionem
3035 4184 3158 4220 cnm
3183 4169 3400 4234 vlrgilio
3419 4170 3594 4234 aliqua

1498 4248 1780 4311 receptavit
1810 4249 2017 4309 Dantes,
2051 4253 2105 4299 et
2136 4249 2239 4300 boe
2269 4248 2424 4309 facto,
2457 4248 2769 4300 invenerunt
2799 4260 2980 4299 avaros
3012 4247 3108 4297 sub
3141 4247 3296 4298 titulo
3327 4247 3594 4298 cniusdam

1499 4338 1659 4388 papas,
1692 4329 1755 4452 eti
1776 4324 1843 4374 de
1874 4326 2031 4376 modo
2063 4339 2228 4388 poenae
2259 4325 2520 4388 ipsorum3
2555 4329 2609 4376 et
2639 4325 2774 4374 sieut
2805 4323 2896 4374 ille
2927 4337 3059 4388 papa
3090 4337 3210 4374 eum
3243 4324 3410 4375 Dante
3429 4323 3594 4374 multa

1498 4406 1736 4467 receptav
1758 4408 1779 4452 t
1804 4437 3594 4454 .........................................................
3629 4404 3720 4450 496

1368 4505 1639 4556 CANTUS
1670 4505 2050 4567 VlGESIMUS,
2082 4507 2135 4556 in
2167 4519 2273 4571 quo
2306 4510 2493 4558 tractat
2523 4506 2586 4556 de
2618 4505 2812 4558 eisdem
2831 4506 3000 4557 avaris
3024 4506 3121 4557 sub
3153 4505 3308 4558 titulo
3327 4505 3596 4556 cuiusdam

1494 4581 1729 4645 Hussonis
1758 4579 1999 4645 Ciapettae
2032 4583 2096 4632 de
2127 4582 2334 4632 Parisiis
2362 4580 2492 4633 olim
2523 4581 2690 4645 prolis
2717 4586 2774 4632 et
2805 4580 3017 4646 orIginis
3055 4595 3240 4646 regum
3272 4582 3592 4644 franeorum,

1492 4659 1581 4723 qui
1614 4658 1781 4710 multa
1811 4659 1937 4710 dixit
1966 4659 2031 4709 de
2061 4659 2210 4711 raetis
2241 4659 2458 4711 illorum
2489 4671 2676 4724 reg-um
2707 4671 2768 4710 ae
2801 4659 2958 4708 etiam
2995 4659 3060 4709 de
3093 4659 3250 4709 modo
3281 4657 3596 4710 liberationis

1493 4735 1809 4794 animarum:
1842 4739 1897 4785 et
1927 4736 2062 4787 sicut
2094 4736 2364 4787 descussna
2393 4742 2472 4787 est
2502 4750 2653 4787 mons
2671 4739 2886 4800 propter
2917 4735 3273 4786 liberationem
3297 4735 3443 4787 Statii
3464 4735 3594 4787 doe-

1496 4811 1625 4862 toris
1650 4849 3592 4865 ..............................................................
3624 4817 3719 4865 sis
