4392 6850
1455 988 1488 1052 1
1501 987 1594 1052 06
2165 997 2573 1054 coMEN‘rUM
2622 999 3060 1054 runo-amun

1449 1148 1598 1216 tem
1651 1141 1996 1218 Federici.
2051 1145 2339 1218 Mortuo
2391 1143 2748 1238 Conrado,
2800 1143 3216 1218 Manfredus
3251 1142 3601 1240 remansit
3650 1163 3751 1238 gu

1445 1263 1793 1338 bernator
1843 1264 2075 1360 regni,
2126 1285 2277 1358 quo
2328 1263 2660 1360 tempore
2708 1265 3172 1340 Innocentius
3222 1285 3409 1361 papa
3456 1264 3547 1338 IV
3612 1283 3782 1340 cum

1445 1404 1715 1480 magno
1767 1384 2099 1460 exercitu
2159 1385 2457 1460 intravit
2524 1390 2890 1482 regnum;
2943 1385 3071 1460 sed
3134 1405 3281 1460 non
3340 1385 3577 1460 multo
3628 1390 3795 1479 post

1441 1513 1782 1580 mortuus
1815 1512 1928 1581 est
1951 1507 2247 1600 Neapoli
2275 1512 2349 1581 et
2375 1507 2723 1601 sepultus.
2761 1506 3177 1581 Mansredus
3208 1513 3459 1582 autem
3489 1511 3787 1602 propter

1442 1625 1739 1722 longam
1793 1625 2253 1700 vacationem
2288 1626 2636 1720 ecclesiae,
2680 1648 2849 1721 quae
2881 1625 3176 1701 duravit
3216 1627 3550 1723 pluribus
3596 1624 3785 1700 duu-

1441 1746 1582 1820 bus
1633 1745 1840 1821 annis
1893 1746 2050 1820 sine
2097 1752 2413 1842 pastore,
2467 1746 2850 1842 occupavit
2899 1747 3183 1822 omnia:
3228 1753 3301 1822 et
3334 1765 3787 1842 magnopere

1441 1867 1719 1941 studuit
1771 1865 2209 1942 contrahere
2260 1878 2334 1944 et
2382 1867 2825 1942 confirmare
2874 1867 3231 1942 amicitias
3273 1866 3595 1942 fidelium
3647 1865 3787 1939 im-

1442 1987 1624 2083 perii
1674 1987 1749 2061 in
1799 1987 2058 2062 Tuscia
2109 1993 2183 2062 et
2232 1987 2691 2062 Lomhardia.
2728 1989 2816 2064 Et
2850 1989 3103 2062 volens
3136 1987 3381 2062 facere
3412 2007 3493 2061 se
3526 2006 3781 2083 regem

1441 2107 1848 2183 conciliavit
1914 2107 2048 2181 sibi
2109 2108 2395 2181 animos
2457 2107 2822 2182 baronum
2887 2107 3111 2203 regni.
3177 2107 3365 2180 Usus
3425 2114 3536 2182 est
3601 2126 3782 2204 ergo

1439 2229 1699 2304 fraude
1768 2231 2109 2321 honesta3
2174 2249 2344 2302 nam
2414 2228 2831 2303 convocatis
2900 2229 3366 2324 magnatibus
3430 2227 3637 2302 finxit
3703 2246 3783 2301 se

1439 2349 1782 2424 habuisse
1813 2370 1946 2445 per
1989 2350 2262 2444 literas,
2315 2349 2631 2443 qualiter
2666 2349 3045 2423 Conradus
3072 2339 3147 2441 (⁴)
3187 2368 3413 2443 nepos
3454 2346 3782 2421 infirma—

1437 2469 1657 2544 batur
1705 2469 1798 2544 ad
1849 2475 2190 2564 mortem,
2242 2469 2337 2543 de
2386 2489 2711 2561 quorum
2762 2467 3062 2542 consilio
3124 2467 3317 2541 misit
3380 2468 3657 2563 legatos
3708 2468 3780 2541 in

1435 2589 1903 2664 Germaniam
1939 2588 2032 2664 ad
2067 2589 2591 2684 explorandam
2630 2588 3039 2663 veritatem.
3068 2588 3317 2684 Legati
3354 2587 3579 2685 igitur
3610 2607 3783 2682 pro-

1433 2710 1601 2786 fecti
1653 2709 1727 2784 in
1785 2709 2279 2804 Germaniam,
2331 2709 2772 2785 invenerunt
2822 2709 3018 2804 quod
3085 2714 3322 2784 mater
3390 2707 3778 2784 Conradini

1433 2830 1735 2906 sollicita
1785 2829 1878 2905 de
1926 2830 2164 2906 salute
2216 2829 2339 2903 filii
2374 2829 2669 2904 tenebat
2702 2849 2879 2904 eum
2915 2849 3087 2903 cum
3122 2827 3279 2903 aliis
3324 2829 3571 2924 pueris
3606 2848 3778 2902 coe-

1433 2951 1665 3027 taneis
1691 2951 1764 3025 in
1801 2951 2060 3026 eodem
2092 2950 2369 3023 habitu.
2406 2950 2585 3037 Quae
2620 2947 2873 3023 videns
2900 2969 3169 3045 magna
3207 2969 3524 3023 munera
3556 2949 3777 3024 missa

1431 3093 1476 3146 a
1527 3071 1922 3165 Manfredo‚
1979 3070 2241 3144 timens
2292 3090 2387 3144 ne
2440 3068 2629 3143 filius
2687 3068 2969 3144 biberet
3019 3069 3111 3145 de
3168 3089 3258 3143 eo
3309 3069 3573 3165 poculo
3622 3089 3773 3162 quo

1435 3198 1669 3287 pater,
1724 3190 2151 3266 subornavit
2208 3190 2435 3264 alium
2491 3191 2651 3263 loco
2702 3187 2987 3284 pupilli3
3040 3187 3159 3262 cui
3210 3187 3777 3263 ambassiatores

1430 3311 1793 3387 dederunt
1841 3332 2214 3387 venenum
2268 3311 2337 3383 in
2392 3309 2845 3386 confectione
2894 3309 3239 3404 quadam,
3275 3329 3365 3383 ex
3402 3330 3552 3404 quo
3588 3330 3775 3405 puer

1435 3438 1776 3507 mortuus
1825 3438 1955 3507 est.
2009 3431 2147 3526 Ipsi
2200 3452 2378 3507 vero
2429 3432 2810 3506 credentes
2858 3450 3039 3505 vere
3086 3430 3535 3505 interfecisse
3586 3431 3777 3505 Con-

1433 3552 1796 3649 radinum‚
1850 3552 2130 3627 reversi
2179 3551 2519 3627 Venetias
2570 3552 2903 3626 fecerunt
2952 3549 3111 3624 fieri
3161 3551 3393 3647 galeae
3438 3572 3594 3625 suae
3647 3571 3777 3625 ve-

1427 3674 1582 3747 lum
1639 3678 1710 3747 et
1762 3680 2030 3747 caetera
2083 3672 2569 3746 instrumenta
2620 3671 2855 3767 nigra,
2910 3677 2984 3745 et
3034 3671 3166 3765 ipsi
3215 3656 3776 3766 assumpserunt

1429 3794 1864 3869 vestimenta
1914 3794 2147 3890 nigra,
2204 3798 2278 3867 et
2336 3792 2745 3867 secundum
2796 3790 3129 3866 ordinem
3190 3792 3443 3865 datum
3499 3793 3775 3867 retule-

1427 3920 1603 3987 runt
1645 3921 1959 3987 mortem
1998 3913 2229 4009 pueri.
2266 3910 2679 3986 Manfredus
2712 3917 3086 4005 assumpta
3120 3917 3325 3985 veste
3367 3910 3577 4007 nigra
3612 3920 3770 4008 post

1428 4056 1781 4131 magnum
1856 4035 2254 4129 planctum,
2324 4054 2498 4107 cum
2562 4032 2817 4106 favore
2877 4032 3290 4106 amicorum
3358 4039 3432 4107 et
3498 4052 3770 4128 magno

1425 4174 1787 4229 consensu
1837 4154 2057 4227 totius
2092 4151 2573 4227 multitudinis
2610 4152 2843 4227 factus
2876 4158 2989 4225 est
3022 4172 3154 4226 rex
3188 4151 3265 4226 in
3304 4136 3543 4225 Sicilia
3572 4150 3768 4248 a‘pud

1425 4274 1745 4349 Mentem
1795 4274 2121 4367 Realem,
2166 4293 2361 4347 anno
2392 4264 2465 4365 (²)
2521 4272 2782 4347 Christi
2836 4271 3221 4346 millesimo
3268 4271 3769 4347 ducentesimo
3900 4297 3915 4311 ·

1425 4393 2035 4491 quinquagesimo
2071 4392 2347 4488 quinto.
2378 4391 2549 4467 Post
2582 4398 2899 4465 mortem
2934 4391 3331 4466 innocentii
3366 4398 3441 4466 et
3473 4391 3766 4488 longam

1424 4515 1882 4589 vacationem
1934 4506 2212 4589 electus
2265 4519 2374 4588 est
2436 4534 2621 4609 papa
2685 4511 3093 4587 Alexander
3128 4513 3218 4585 IV
3268 4511 3363 4587 de
3416 4511 3769 4608 Anagnia,

1421 4632 1551 4727 qui
1601 4634 1784 4708 sedit
1832 4634 2041 4709 annis
2075 4640 2379 4730 septem.
2418 4634 2507 4707 Et
2542 4632 2792 4707 videns
2832 4632 3287 4707 Manfredum
3335 4632 3543 4729 regni
3584 4632 3766 4707 solio

1417 4754 1804 4829 florentem
1866 4754 2149 4848 absque
2208 4753 2607 4849 autoritate
2656 4752 3047 4846 apostolica
3092 4751 3763 4826 excommunicavit

1419 4893 1594 4948 eum
1641 4880 2187 4967 contumacem3
2253 4879 2508 4948 contra
2569 4892 2796 4968 quem
2863 4872 3054 4945 misit
3124 4892 3357 4945 unum
3408 4872 3760 4968 legatum,

1546 5138 1604 5206 (¹)
1635 5141 1687 5192 S.
1718 5152 1750 5192 e
1781 5140 1842 5192 E.
1874 5140 2209 5194 Conradiuus.
2460 5140 2515 5204 Ρ)
2548 5140 2609 5191 E.
2642 5153 2779 5191 anno
2810 5140 3017 5191 Domini
3048 5139 3211 5190 nostri
3242 5136 3369 5188 Iesu
3397 5134 3602 5187 Christi.
