<?xml version="1.0" encoding="UTF-8"?>
<!DOCTYPE html PUBLIC "-//W3C//DTD XHTML 1.0 Transitional//EN"
    "http://www.w3.org/TR/xhtml1/DTD/xhtml1-transitional.dtd">
<html xmlns="http://www.w3.org/1999/xhtml" xml:lang="en" lang="en">
 <head>
  <title>
</title>
<meta http-equiv="Content-Type" content="text/html;charset=utf-8" />
  <meta name='ocr-system' content='tesseract 3.04.00' />
  <meta name='ocr-capabilities' content='ocr_page ocr_carea ocr_par ocr_line ocrx_word'/>
</head>
<body>
  <div class='ocr_page' id='page_1' title='image "./comentumsuperda02unkngoog_0562.png"; bbox 0 0 4392 6850; ppageno 0'>
   <div class='ocr_carea' id='block_1_1' title="bbox 1430 713 2968 781">
    <p class='ocr_par' dir='ltr' id='par_1_1' title="bbox 1430 713 2968 781">
     <span class='ocr_line' id='line_1_1' title="bbox 1430 713 2968 781; baseline 0.005 -8"><span class='ocrx_word' id='word_1_1' title='bbox 1430 718 1708 775; x_wconf 71' lang='lat' dir='ltr'>cAN‘rus</span> <span class='ocrx_word' id='word_1_2' title='bbox 1759 721 2161 776; x_wconf 75' lang='lat' dir='ltr'>erEsluus.</span> <span class='ocrx_word' id='word_1_3' title='bbox 2829 713 2968 781; x_wconf 79' lang='lat'>539</span> 
     </span>
    </p>
   </div>
   <div class='ocr_carea' id='block_1_2' title="bbox 615 862 2974 4688">
    <p class='ocr_par' dir='ltr' id='par_1_2' title="bbox 615 862 2974 4688">
     <span class='ocr_line' id='line_1_2' title="bbox 628 862 2968 960; baseline 0.004 -26"><span class='ocrx_word' id='word_1_4' title='bbox 628 882 781 955; x_wconf 89' lang='lat' dir='ltr'>quo</span> <span class='ocrx_word' id='word_1_5' title='bbox 834 870 997 937; x_wconf 87' lang='lat' dir='ltr'>erat</span> <span class='ocrx_word' id='word_1_6' title='bbox 1046 862 1313 960; x_wconf 85' lang='lat' dir='ltr'>ligatus</span> <span class='ocrx_word' id='word_1_7' title='bbox 1373 864 1651 940; x_wconf 80' lang='lat' dir='ltr'>Sichaeo</span> <span class='ocrx_word' id='word_1_8' title='bbox 1706 867 1970 941; x_wconf 84' lang='lat' dir='ltr'>marito</span> <span class='ocrx_word' id='word_1_9' title='bbox 2027 866 2320 941; x_wconf 81' lang='lat' dir='ltr'><strong>Didonis</strong></span> <span class='ocrx_word' id='word_1_10' title='bbox 2371 868 2726 943; x_wconf 89' lang='lat' dir='ltr'>sacerdoti</span> <span class='ocrx_word' id='word_1_11' title='bbox 2781 871 2968 945; x_wconf 89' lang='lat' dir='ltr'>Her-</span> 
     </span>
     <span class='ocr_line' id='line_1_3' title="bbox 629 982 2968 1089; baseline 0.004 -34"><span class='ocrx_word' id='word_1_12' title='bbox 629 982 832 1077; x_wconf 78' lang='lat' dir='ltr'>culiS‚</span> <span class='ocrx_word' id='word_1_13' title='bbox 860 1004 1085 1078; x_wconf 88' lang='lat' dir='ltr'>quem</span> <span class='ocrx_word' id='word_1_14' title='bbox 1113 984 1641 1063; x_wconf 85' lang='lat' dir='ltr'>sacrificantem</span> <span class='ocrx_word' id='word_1_15' title='bbox 1671 986 2132 1063; x_wconf 82' lang='lat' dir='ltr'>innocentem</span> <span class='ocrx_word' id='word_1_16' title='bbox 2163 987 2572 1063; x_wconf 90' lang='lat' dir='ltr'>immolavit</span> <span class='ocrx_word' id='word_1_17' title='bbox 2603 989 2696 1089; x_wconf 70' lang='lat' dir='ltr'>ad</span> <span class='ocrx_word' id='word_1_18' title='bbox 2729 1011 2968 1065; x_wconf 87' lang='lat' dir='ltr'>aram.</span> 
     </span>
     <span class='ocr_line' id='line_1_4' title="bbox 626 1102 2974 1200; baseline 0.004 -25"><span class='ocrx_word' id='word_1_19' title='bbox 626 1102 796 1177; x_wconf 90' lang='lat' dir='ltr'>Ideo</span> <span class='ocrx_word' id='word_1_20' title='bbox 844 1103 1053 1178; x_wconf 91' lang='lat' dir='ltr'>dicit:</span> <span class='ocrx_word' id='word_1_21' title='bbox 1107 1127 1146 1177; x_wconf 86' lang='lat' dir='ltr'>e</span> <span class='ocrx_word' id='word_1_22' title='bbox 1204 1107 1439 1199; x_wconf 78' lang='lat' dir='ltr'>ladro,</span> <span class='ocrx_word' id='word_1_23' title='bbox 1507 1106 1682 1200; x_wconf 87' lang='lat' dir='ltr'>quia</span> <span class='ocrx_word' id='word_1_24' title='bbox 1742 1106 1992 1181; x_wconf 84' lang='lat' dir='ltr'>furtim</span> <span class='ocrx_word' id='word_1_25' title='bbox 2061 1108 2523 1183; x_wconf 80' lang='lat' dir='ltr'>obtruncavit</span> <span class='ocrx_word' id='word_1_26' title='bbox 2587 1108 2790 1183; x_wconf 87' lang='lat' dir='ltr'>illum</span> <span class='ocrx_word' id='word_1_27' title='bbox 2856 1112 2974 1184; x_wconf 87' lang='lat' dir='ltr'>in-</span> 
     </span>
     <span class='ocr_line' id='line_1_5' title="bbox 626 1226 2962 1324; baseline 0.002 -25"><span class='ocrx_word' id='word_1_28' title='bbox 626 1230 956 1318; x_wconf 88' lang='lat' dir='ltr'>cautum,</span> <span class='ocrx_word' id='word_1_29' title='bbox 999 1247 1038 1297; x_wconf 86' lang='lat' dir='ltr'>e</span> <span class='ocrx_word' id='word_1_30' title='bbox 1080 1228 1479 1317; x_wconf 77' lang='lat' dir='ltr'>parricida,</span> <span class='ocrx_word' id='word_1_31' title='bbox 1535 1226 1707 1320; x_wconf 89' lang='lat' dir='ltr'>quia</span> <span class='ocrx_word' id='word_1_32' title='bbox 1759 1228 2119 1303; x_wconf 80' lang='lat' dir='ltr'>interfecit</span> <span class='ocrx_word' id='word_1_33' title='bbox 2167 1228 2662 1324; x_wconf 88' lang='lat' dir='ltr'>propinquum</span> <span class='ocrx_word' id='word_1_34' title='bbox 2719 1252 2962 1304; x_wconf 86' lang='lat' dir='ltr'>suum.</span> 
     </span>
     <span class='ocr_line' id='line_1_6' title="bbox 630 1343 2970 1443; baseline 0.002 -25"><span class='ocrx_word' id='word_1_35' title='bbox 630 1343 995 1419; x_wconf 84' lang='lat' dir='ltr'>Parricida</span> <span class='ocrx_word' id='word_1_36' title='bbox 1044 1344 1239 1419; x_wconf 89' lang='lat' dir='ltr'>enim</span> <span class='ocrx_word' id='word_1_37' title='bbox 1292 1346 1698 1441; x_wconf 88' lang='lat' dir='ltr'>appellatur</span> <span class='ocrx_word' id='word_1_38' title='bbox 1748 1346 1869 1423; x_wconf 89' lang='lat' dir='ltr'>ille</span> <span class='ocrx_word' id='word_1_39' title='bbox 1908 1347 2035 1440; x_wconf 89' lang='lat' dir='ltr'>qui</span> <span class='ocrx_word' id='word_1_40' title='bbox 2080 1353 2292 1422; x_wconf 88' lang='lat' dir='ltr'>necat</span> <span class='ocrx_word' id='word_1_41' title='bbox 2325 1358 2664 1443; x_wconf 90' lang='lat' dir='ltr'>parentes</span> <span class='ocrx_word' id='word_1_42' title='bbox 2705 1350 2824 1424; x_wconf 89' lang='lat' dir='ltr'>vel</span> <span class='ocrx_word' id='word_1_43' title='bbox 2856 1350 2970 1423; x_wconf 84' lang='lat' dir='ltr'>af-</span> 
     </span>
     <span class='ocr_line' id='line_1_7' title="bbox 628 1462 2962 1565; baseline 0.003 -30"><span class='ocrx_word' id='word_1_44' title='bbox 628 1462 809 1537; x_wconf 83' lang='lat' dir='ltr'>fines</span> <span class='ocrx_word' id='word_1_45' title='bbox 858 1464 1064 1561; x_wconf 86' lang='lat' dir='ltr'>large</span> <span class='ocrx_word' id='word_1_46' title='bbox 1112 1465 1499 1560; x_wconf 88' lang='lat' dir='ltr'>loquendo.</span> <span class='ocrx_word' id='word_1_47' title='bbox 1526 1506 1626 1519; x_wconf 91' lang='lat'><strong>—</strong></span> <span class='ocrx_word' id='word_1_48' title='bbox 1652 1472 1717 1541; x_wconf 89' lang='lat' dir='ltr'><em>E</em></span> <span class='ocrx_word' id='word_1_49' title='bbox 1744 1470 1837 1540; x_wconf 84' lang='lat' dir='ltr'>la.</span> <span class='ocrx_word' id='word_1_50' title='bbox 1874 1468 2002 1542; x_wconf 90' lang='lat' dir='ltr'>Hic</span> <span class='ocrx_word' id='word_1_51' title='bbox 2036 1468 2252 1565; x_wconf 85' lang='lat' dir='ltr'>Hugo</span> <span class='ocrx_word' id='word_1_52' title='bbox 2291 1468 2521 1565; x_wconf 84' lang='lat' dir='ltr'>tangit</span> <span class='ocrx_word' id='word_1_53' title='bbox 2555 1470 2962 1545; x_wconf 90' lang='lat' dir='ltr'>secundum</span> 
     </span>
     <span class='ocr_line' id='line_1_8' title="bbox 626 1585 2972 1685; baseline 0.004 -29"><span class='ocrx_word' id='word_1_54' title='bbox 626 1592 877 1657; x_wconf 88' lang='lat' dir='ltr'>actum</span> <span class='ocrx_word' id='word_1_55' title='bbox 918 1585 1245 1660; x_wconf 84' lang='lat' dir='ltr'>avaritiae</span> <span class='ocrx_word' id='word_1_56' title='bbox 1278 1608 1569 1682; x_wconf 86' lang='lat' dir='ltr'>semper</span> <span class='ocrx_word' id='word_1_57' title='bbox 1606 1587 2169 1662; x_wconf 90' lang='lat' dir='ltr'>memorandum</span> <span class='ocrx_word' id='word_1_58' title='bbox 2207 1609 2380 1662; x_wconf 92' lang='lat' dir='ltr'>cum</span> <span class='ocrx_word' id='word_1_59' title='bbox 2424 1589 2608 1664; x_wconf 88' lang='lat' dir='ltr'>risu:</span> <span class='ocrx_word' id='word_1_60' title='bbox 2653 1612 2821 1685; x_wconf 84' lang='lat' dir='ltr'>quae</span> <span class='ocrx_word' id='word_1_61' title='bbox 2855 1591 2972 1666; x_wconf 87' lang='lat' dir='ltr'>fa-</span> 
     </span>
     <span class='ocr_line' id='line_1_9' title="bbox 627 1704 2966 1805; baseline 0.003 -26"><span class='ocrx_word' id='word_1_62' title='bbox 627 1704 803 1780; x_wconf 88' lang='lat' dir='ltr'>bula</span> <span class='ocrx_word' id='word_1_63' title='bbox 870 1705 1242 1781; x_wconf 89' lang='lat' dir='ltr'>notissima</span> <span class='ocrx_word' id='word_1_64' title='bbox 1306 1714 1436 1782; x_wconf 88' lang='lat' dir='ltr'>est.</span> <span class='ocrx_word' id='word_1_65' title='bbox 1487 1708 1671 1782; x_wconf 91' lang='lat' dir='ltr'>Nam</span> <span class='ocrx_word' id='word_1_66' title='bbox 1741 1708 1925 1784; x_wconf 84' lang='lat' dir='ltr'>Mida</span> <span class='ocrx_word' id='word_1_67' title='bbox 1996 1729 2127 1783; x_wconf 81' lang='lat' dir='ltr'>rex</span> <span class='ocrx_word' id='word_1_68' title='bbox 2182 1708 2518 1805; x_wconf 87' lang='lat' dir='ltr'>lydorum</span> <span class='ocrx_word' id='word_1_69' title='bbox 2573 1710 2966 1785; x_wconf 90' lang='lat' dir='ltr'>ditissimus</span> 
     </span>
     <span class='ocr_line' id='line_1_10' title="bbox 629 1824 2964 1926; baseline 0.003 -28"><span class='ocrx_word' id='word_1_70' title='bbox 629 1824 819 1899; x_wconf 91' lang='lat' dir='ltr'>filius</span> <span class='ocrx_word' id='word_1_71' title='bbox 853 1824 1120 1922; x_wconf 90' lang='lat' dir='ltr'>Gordii,</span> <span class='ocrx_word' id='word_1_72' title='bbox 1157 1827 1285 1921; x_wconf 88' lang='lat' dir='ltr'>qui</span> <span class='ocrx_word' id='word_1_73' title='bbox 1320 1828 1487 1903; x_wconf 84' lang='lat' dir='ltr'>fecit</span> <span class='ocrx_word' id='word_1_74' title='bbox 1524 1828 1797 1903; x_wconf 93' lang='lat' dir='ltr'>nodum</span> <span class='ocrx_word' id='word_1_75' title='bbox 1841 1829 2410 1904; x_wconf 88' lang='lat' dir='ltr'>indissolubilem</span> <span class='ocrx_word' id='word_1_76' title='bbox 2457 1848 2679 1923; x_wconf 90' lang='lat' dir='ltr'>quem</span> <span class='ocrx_word' id='word_1_77' title='bbox 2717 1838 2964 1926; x_wconf 86' lang='lat' dir='ltr'>postea</span> 
     </span>
     <span class='ocr_line' id='line_1_11' title="bbox 625 1945 2968 2043; baseline 0.003 -25"><span class='ocrx_word' id='word_1_78' title='bbox 625 1945 1037 2023; x_wconf 81' lang='lat' dir='ltr'>Alexander</span> <span class='ocrx_word' id='word_1_79' title='bbox 1102 1946 1457 2023; x_wconf 87' lang='lat' dir='ltr'>violenter</span> <span class='ocrx_word' id='word_1_80' title='bbox 1524 1948 1759 2043; x_wconf 87' lang='lat' dir='ltr'>solvit,</span> <span class='ocrx_word' id='word_1_81' title='bbox 1820 1970 1990 2025; x_wconf 90' lang='lat' dir='ltr'>cum</span> <span class='ocrx_word' id='word_1_82' title='bbox 2060 1956 2252 2025; x_wconf 87' lang='lat' dir='ltr'>esset</span> <span class='ocrx_word' id='word_1_83' title='bbox 2313 1949 2624 2025; x_wconf 86' lang='lat' dir='ltr'>devotus</span> <span class='ocrx_word' id='word_1_84' title='bbox 2681 1950 2968 2025; x_wconf 89' lang='lat' dir='ltr'>Baccho</span> 
     </span>
     <span class='ocr_line' id='line_1_12' title="bbox 625 2066 2974 2165; baseline 0.003 -26"><span class='ocrx_word' id='word_1_85' title='bbox 625 2066 1041 2162; x_wconf 88' lang='lat' dir='ltr'>impetravit</span> <span class='ocrx_word' id='word_1_86' title='bbox 1091 2069 1184 2142; x_wconf 90' lang='lat' dir='ltr'>ab</span> <span class='ocrx_word' id='word_1_87' title='bbox 1237 2088 1327 2143; x_wconf 89' lang='lat' dir='ltr'>eo</span> <span class='ocrx_word' id='word_1_88' title='bbox 1362 2078 1447 2145; x_wconf 90' lang='lat' dir='ltr'>ut</span> <span class='ocrx_word' id='word_1_89' title='bbox 1480 2068 1829 2162; x_wconf 87' lang='lat' dir='ltr'>quicquid</span> <span class='ocrx_word' id='word_1_90' title='bbox 1864 2074 2196 2165; x_wconf 82' lang='lat' dir='ltr'>tangeret</span> <span class='ocrx_word' id='word_1_91' title='bbox 2233 2075 2654 2145; x_wconf 81' lang='lat' dir='ltr'>verteretur</span> <span class='ocrx_word' id='word_1_92' title='bbox 2705 2069 2781 2143; x_wconf 92' lang='lat' dir='ltr'>in</span> <span class='ocrx_word' id='word_1_93' title='bbox 2829 2092 2974 2145; x_wconf 88' lang='lat' dir='ltr'>au-</span> 
     </span>
     <span class='ocr_line' id='line_1_13' title="bbox 625 2188 2968 2285; baseline 0.002 -25"><span class='ocrx_word' id='word_1_94' title='bbox 625 2208 833 2281; x_wconf 86' lang='lat' dir='ltr'>rum3</span> <span class='ocrx_word' id='word_1_95' title='bbox 888 2194 961 2263; x_wconf 88' lang='lat' dir='ltr'>et</span> <span class='ocrx_word' id='word_1_96' title='bbox 1010 2208 1180 2263; x_wconf 88' lang='lat' dir='ltr'>cum</span> <span class='ocrx_word' id='word_1_97' title='bbox 1236 2209 1329 2265; x_wconf 87' lang='lat' dir='ltr'>ex</span> <span class='ocrx_word' id='word_1_98' title='bbox 1380 2195 1532 2263; x_wconf 89' lang='lat' dir='ltr'>tam</span> <span class='ocrx_word' id='word_1_99' title='bbox 1586 2188 1904 2285; x_wconf 89' lang='lat' dir='ltr'>pretioso</span> <span class='ocrx_word' id='word_1_100' title='bbox 1946 2209 2262 2263; x_wconf 87' lang='lat' dir='ltr'>munere</span> <span class='ocrx_word' id='word_1_101' title='bbox 2313 2195 2735 2264; x_wconf 87' lang='lat' dir='ltr'>moreretur</span> <span class='ocrx_word' id='word_1_102' title='bbox 2771 2190 2968 2265; x_wconf 85' lang='lat' dir='ltr'>fame</span> 
     </span>
     <span class='ocr_line' id='line_1_14' title="bbox 626 2307 2968 2405; baseline 0.001 -24"><span class='ocrx_word' id='word_1_103' title='bbox 626 2314 702 2381; x_wconf 88' lang='lat' dir='ltr'>et</span> <span class='ocrx_word' id='word_1_104' title='bbox 753 2307 889 2401; x_wconf 90' lang='lat' dir='ltr'>siti,</span> <span class='ocrx_word' id='word_1_105' title='bbox 942 2308 1212 2383; x_wconf 88' lang='lat' dir='ltr'>iterum</span> <span class='ocrx_word' id='word_1_106' title='bbox 1268 2309 1679 2405; x_wconf 86' lang='lat' dir='ltr'>imploravit</span> <span class='ocrx_word' id='word_1_107' title='bbox 1733 2315 1814 2383; x_wconf 92' lang='lat' dir='ltr'>ut</span> <span class='ocrx_word' id='word_1_108' title='bbox 1863 2309 2024 2383; x_wconf 88' lang='lat' dir='ltr'>talis</span> <span class='ocrx_word' id='word_1_109' title='bbox 2073 2309 2310 2404; x_wconf 87' lang='lat' dir='ltr'>gratia</span> <span class='ocrx_word' id='word_1_110' title='bbox 2358 2315 2838 2383; x_wconf 86' lang='lat' dir='ltr'>revocaretur</span> <span class='ocrx_word' id='word_1_111' title='bbox 2872 2310 2968 2385; x_wconf 89' lang='lat' dir='ltr'>ab</span> 
     </span>
     <span class='ocr_line' id='line_1_15' title="bbox 624 2427 2970 2525; baseline 0.001 -24"><span class='ocrx_word' id='word_1_112' title='bbox 624 2446 754 2501; x_wconf 86' lang='lat' dir='ltr'>eo:</span> <span class='ocrx_word' id='word_1_113' title='bbox 806 2448 942 2523; x_wconf 92' lang='lat' dir='ltr'>per</span> <span class='ocrx_word' id='word_1_114' title='bbox 993 2430 1181 2503; x_wconf 86' lang='lat' dir='ltr'>hanc</span> <span class='ocrx_word' id='word_1_115' title='bbox 1232 2427 1550 2503; x_wconf 89' lang='lat' dir='ltr'>nobilem</span> <span class='ocrx_word' id='word_1_116' title='bbox 1604 2428 1967 2503; x_wconf 88' lang='lat' dir='ltr'>fictionem</span> <span class='ocrx_word' id='word_1_117' title='bbox 2024 2435 2274 2525; x_wconf 7' lang='lat' dir='ltr'>poetae*</span> <span class='ocrx_word' id='word_1_118' title='bbox 2304 2429 2700 2503; x_wconf 89' lang='lat' dir='ltr'>voluerunt</span> <span class='ocrx_word' id='word_1_119' title='bbox 2756 2430 2970 2503; x_wconf 88' lang='lat' dir='ltr'>intel-</span> 
     </span>
     <span class='ocr_line' id='line_1_16' title="bbox 625 2548 2970 2646; baseline 0 -24"><span class='ocrx_word' id='word_1_120' title='bbox 625 2548 772 2646; x_wconf 85' lang='lat' dir='ltr'>ligi,</span> <span class='ocrx_word' id='word_1_121' title='bbox 810 2550 1007 2642; x_wconf 90' lang='lat' dir='ltr'>quod</span> <span class='ocrx_word' id='word_1_122' title='bbox 1056 2570 1329 2623; x_wconf 86' lang='lat' dir='ltr'>avarus</span> <span class='ocrx_word' id='word_1_123' title='bbox 1379 2550 1975 2625; x_wconf 87' lang='lat' dir='ltr'>circumvallatus</span> <span class='ocrx_word' id='word_1_124' title='bbox 2006 2548 2268 2623; x_wconf 90' lang='lat' dir='ltr'>divitiis</span> <span class='ocrx_word' id='word_1_125' title='bbox 2303 2555 2376 2623; x_wconf 89' lang='lat' dir='ltr'>et</span> <span class='ocrx_word' id='word_1_126' title='bbox 2415 2570 2604 2624; x_wconf 91' lang='lat' dir='ltr'>auro</span> <span class='ocrx_word' id='word_1_127' title='bbox 2647 2550 2970 2624; x_wconf 88' lang='lat' dir='ltr'>afficitur</span> 
     </span>
     <span class='ocr_line' id='line_1_17' title="bbox 626 2668 2967 2766; baseline 0.001 -25"><span class='ocrx_word' id='word_1_128' title='bbox 626 2668 823 2743; x_wconf 84' lang='lat' dir='ltr'>fame</span> <span class='ocrx_word' id='word_1_129' title='bbox 890 2675 965 2743; x_wconf 92' lang='lat' dir='ltr'>et</span> <span class='ocrx_word' id='word_1_130' title='bbox 1030 2668 1165 2762; x_wconf 92' lang='lat' dir='ltr'>siti,</span> <span class='ocrx_word' id='word_1_131' title='bbox 1231 2676 1308 2744; x_wconf 93' lang='lat' dir='ltr'>et</span> <span class='ocrx_word' id='word_1_132' title='bbox 1364 2670 1438 2743; x_wconf 88' lang='lat' dir='ltr'>in</span> <span class='ocrx_word' id='word_1_133' title='bbox 1506 2670 1853 2745; x_wconf 88' lang='lat' dir='ltr'>continuo</span> <span class='ocrx_word' id='word_1_134' title='bbox 1912 2676 2298 2766; x_wconf 85' lang='lat' dir='ltr'>permanet</span> <span class='ocrx_word' id='word_1_135' title='bbox 2365 2671 2719 2746; x_wconf 89' lang='lat' dir='ltr'>cruciatu.</span> <span class='ocrx_word' id='word_1_136' title='bbox 2782 2670 2967 2745; x_wconf 90' lang='lat' dir='ltr'>Dicit</span> 
     </span>
     <span class='ocr_line' id='line_1_18' title="bbox 626 2784 2966 2887; baseline 0 -24"><span class='ocrx_word' id='word_1_137' title='bbox 626 2810 847 2887; x_wconf 88' lang='lat' dir='ltr'>ergo:</span> <span class='ocrx_word' id='word_1_138' title='bbox 903 2795 968 2863; x_wconf 89' lang='lat' dir='ltr'><em>E</em></span> <span class='ocrx_word' id='word_1_139' title='bbox 1012 2792 1087 2863; x_wconf 86' lang='lat' dir='ltr'>la</span> <span class='ocrx_word' id='word_1_140' title='bbox 1145 2792 1475 2883; x_wconf 69' lang='lat' dir='ltr'>mimia,-</span> <span class='ocrx_word' id='word_1_141' title='bbox 1526 2798 1601 2866; x_wconf 90' lang='lat' dir='ltr'>et</span> <span class='ocrx_word' id='word_1_142' title='bbox 1631 2784 1703 2882; x_wconf 76' lang='lat'>(¹)</span> <span class='ocrx_word' id='word_1_143' title='bbox 1760 2792 2159 2886; x_wconf 89' lang='lat' dir='ltr'>repetimus</span> <span class='ocrx_word' id='word_1_144' title='bbox 2225 2790 2618 2885; x_wconf 89' lang='lat' dir='ltr'>miseriam,</span> <span class='ocrx_word' id='word_1_145' title='bbox 2671 2791 2966 2885; x_wconf 90' lang='lat' dir='ltr'>scilicet,</span> 
     </span>
     <span class='ocr_line' id='line_1_19' title="bbox 626 2910 2966 3007; baseline 0 -23"><span class='ocrx_word' id='word_1_146' title='bbox 626 2911 921 3005; x_wconf 84' lang='lat' dir='ltr'>famem,</span> <span class='ocrx_word' id='word_1_147' title='bbox 958 2910 1150 2984; x_wconf 91' lang='lat' dir='ltr'>sitim</span> <span class='ocrx_word' id='word_1_148' title='bbox 1182 2917 1255 2985; x_wconf 94' lang='lat' dir='ltr'>et</span> <span class='ocrx_word' id='word_1_149' title='bbox 1282 2932 1505 2985; x_wconf 89' lang='lat' dir='ltr'>omne</span> <span class='ocrx_word' id='word_1_150' title='bbox 1546 2910 2117 3005; x_wconf 84' lang='lat' dir='ltr'>incommodum,</span> <span class='ocrx_word' id='word_1_151' title='bbox 2155 2914 2542 2986; x_wconf 82' lang='lat' dir='ltr'>dell&#39;avaro</span> <span class='ocrx_word' id='word_1_152' title='bbox 2571 2914 2794 3003; x_wconf 83' lang='lat' dir='ltr'>Mida,</span> <span class='ocrx_word' id='word_1_153' title='bbox 2833 2931 2966 3007; x_wconf 92' lang='lat' dir='ltr'>per</span> 
     </span>
     <span class='ocr_line' id='line_1_20' title="bbox 625 3023 2966 3125; baseline -0.001 -21"><span class='ocrx_word' id='word_1_154' title='bbox 625 3030 1133 3105; x_wconf 88' lang='lat' dir='ltr'>excellentiam</span> <span class='ocrx_word' id='word_1_155' title='bbox 1185 3037 1429 3105; x_wconf 81' lang='lat' dir='ltr'>vocat·</span> <span class='ocrx_word' id='word_1_156' title='bbox 1451 3050 1625 3104; x_wconf 92' lang='lat' dir='ltr'>eum</span> <span class='ocrx_word' id='word_1_157' title='bbox 1674 3050 2013 3125; x_wconf 85' lang='lat' dir='ltr'>avarum,</span> <span class='ocrx_word' id='word_1_158' title='bbox 2065 3034 2184 3103; x_wconf 76' lang='lat' dir='ltr'>che</span> <span class='ocrx_word' id='word_1_159' title='bbox 2233 3023 2424 3124; x_wconf 71' lang='lat' dir='ltr'>sequi</span> <span class='ocrx_word' id='word_1_160' title='bbox 2473 3033 2620 3103; x_wconf 84' lang='lat' dir='ltr'>alla</span> <span class='ocrx_word' id='word_1_161' title='bbox 2667 3052 2800 3103; x_wconf 82' lang='lat' dir='ltr'>sua</span> <span class='ocrx_word' id='word_1_162' title='bbox 2849 3032 2966 3102; x_wconf 83' lang='lat' dir='ltr'>di-</span> 
     </span>
     <span class='ocr_line' id='line_1_21' title="bbox 624 3150 2963 3246; baseline 0 -23"><span class='ocrx_word' id='word_1_163' title='bbox 624 3152 893 3223; x_wconf 85' lang='lat' dir='ltr'>manda</span> <span class='ocrx_word' id='word_1_164' title='bbox 938 3153 1275 3242; x_wconf 74' lang='lat' dir='ltr'>inyorda,</span> <span class='ocrx_word' id='word_1_165' title='bbox 1310 3150 1514 3243; x_wconf 87' lang='lat' dir='ltr'>idest,</span> <span class='ocrx_word' id='word_1_166' title='bbox 1550 3150 1865 3245; x_wconf 90' lang='lat' dir='ltr'>avidam,</span> <span class='ocrx_word' id='word_1_167' title='bbox 1916 3152 2440 3246; x_wconf 86' lang='lat' dir='ltr'>importunam,</span> <span class='ocrx_word' id='word_1_168' title='bbox 2485 3172 2618 3244; x_wconf 84' lang='lat' dir='ltr'>per</span> <span class='ocrx_word' id='word_1_169' title='bbox 2669 3154 2743 3224; x_wconf 86' lang='lat' dir='ltr'>la</span> <span class='ocrx_word' id='word_1_170' title='bbox 2793 3152 2963 3242; x_wconf 80' lang='lat' dir='ltr'>qual</span> 
     </span>
     <span class='ocr_line' id='line_1_22' title="bbox 620 3272 2962 3366; baseline 0 -23"><span class='ocrx_word' id='word_1_171' title='bbox 620 3292 893 3366; x_wconf 81' lang='lat' dir='ltr'>sempre</span> <span class='ocrx_word' id='word_1_172' title='bbox 941 3292 1203 3344; x_wconf 85' lang='lat' dir='ltr'>conven</span> <span class='ocrx_word' id='word_1_173' title='bbox 1254 3274 1371 3343; x_wconf 79' lang='lat' dir='ltr'>che</span> <span class='ocrx_word' id='word_1_174' title='bbox 1420 3274 1484 3345; x_wconf 82' lang='lat' dir='ltr'>si</span> <span class='ocrx_word' id='word_1_175' title='bbox 1531 3275 1735 3364; x_wconf 75' lang='lat' dir='ltr'>rida5</span> <span class='ocrx_word' id='word_1_176' title='bbox 1778 3274 2115 3366; x_wconf 88' lang='lat' dir='ltr'>quotiens</span> <span class='ocrx_word' id='word_1_177' title='bbox 2151 3272 2230 3345; x_wconf 86' lang='lat' dir='ltr'>fit</span> <span class='ocrx_word' id='word_1_178' title='bbox 2265 3272 2624 3347; x_wconf 90' lang='lat' dir='ltr'>memoria</span> <span class='ocrx_word' id='word_1_179' title='bbox 2659 3272 2752 3346; x_wconf 92' lang='lat' dir='ltr'>de</span> <span class='ocrx_word' id='word_1_180' title='bbox 2800 3273 2962 3346; x_wconf 85' lang='lat' dir='ltr'>hoc.</span> 
     </span>
     <span class='ocr_line' id='line_1_23' title="bbox 620 3390 2965 3488; baseline 0 -22"><span class='ocrx_word' id='word_1_181' title='bbox 620 3390 837 3468; x_wconf 89' lang='lat' dir='ltr'>Certe</span> <span class='ocrx_word' id='word_1_182' title='bbox 886 3412 1034 3467; x_wconf 88' lang='lat' dir='ltr'>non</span> <span class='ocrx_word' id='word_1_183' title='bbox 1082 3391 1337 3467; x_wconf 90' lang='lat' dir='ltr'>dubito</span> <span class='ocrx_word' id='word_1_184' title='bbox 1390 3392 1587 3486; x_wconf 91' lang='lat' dir='ltr'>quod</span> <span class='ocrx_word' id='word_1_185' title='bbox 1646 3398 1858 3488; x_wconf 89' lang='lat' dir='ltr'>poeta</span> <span class='ocrx_word' id='word_1_186' title='bbox 1924 3399 2172 3468; x_wconf 87' lang='lat' dir='ltr'>noster</span> <span class='ocrx_word' id='word_1_187' title='bbox 2241 3392 2519 3468; x_wconf 82' lang='lat' dir='ltr'>ridebat</span> <span class='ocrx_word' id='word_1_188' title='bbox 2583 3413 2755 3467; x_wconf 90' lang='lat' dir='ltr'>cum</span> <span class='ocrx_word' id='word_1_189' title='bbox 2825 3394 2965 3468; x_wconf 92' lang='lat' dir='ltr'>hoc</span> 
     </span>
     <span class='ocr_line' id='line_1_24' title="bbox 622 3511 2956 3609; baseline 0 -23"><span class='ocrx_word' id='word_1_190' title='bbox 622 3511 993 3587; x_wconf 89' lang='lat' dir='ltr'>scriberet.</span> <span class='ocrx_word' id='word_1_191' title='bbox 1046 3513 1215 3588; x_wconf 93' lang='lat' dir='ltr'>ldeo</span> <span class='ocrx_word' id='word_1_192' title='bbox 1266 3512 1455 3588; x_wconf 90' lang='lat' dir='ltr'>bene</span> <span class='ocrx_word' id='word_1_193' title='bbox 1486 3513 1910 3589; x_wconf 88' lang='lat' dir='ltr'>Aristoteles</span> <span class='ocrx_word' id='word_1_194' title='bbox 1952 3515 2190 3609; x_wconf 88' lang='lat' dir='ltr'>primo</span> <span class='ocrx_word' id='word_1_195' title='bbox 2243 3514 2712 3588; x_wconf 90' lang='lat' dir='ltr'>Politicorum</span> <span class='ocrx_word' id='word_1_196' title='bbox 2752 3513 2956 3590; x_wconf 87' lang='lat' dir='ltr'>dicit:</span> 
     </span>
     <span class='ocr_line' id='line_1_25' title="bbox 622 3632 2960 3728; baseline 0 -23"><span class='ocrx_word' id='word_1_197' title='bbox 622 3632 1138 3708; x_wconf 87' lang='lat' dir='ltr'>inconveniens</span> <span class='ocrx_word' id='word_1_198' title='bbox 1214 3640 1325 3708; x_wconf 90' lang='lat' dir='ltr'>est</span> <span class='ocrx_word' id='word_1_199' title='bbox 1392 3633 1572 3708; x_wconf 85' lang='lat' dir='ltr'>tales</span> <span class='ocrx_word' id='word_1_200' title='bbox 1644 3653 1805 3708; x_wconf 89' lang='lat' dir='ltr'>esse</span> <span class='ocrx_word' id='word_1_201' title='bbox 1871 3633 2177 3728; x_wconf 85' lang='lat' dir='ltr'>divitiaS,</span> <span class='ocrx_word' id='word_1_202' title='bbox 2245 3634 2512 3728; x_wconf 92' lang='lat' dir='ltr'>quibus</span> <span class='ocrx_word' id='word_1_203' title='bbox 2579 3632 2960 3706; x_wconf 89' lang='lat' dir='ltr'>abundans</span> 
     </span>
     <span class='ocr_line' id='line_1_26' title="bbox 625 3751 2962 3847; baseline 0 -22"><span class='ocrx_word' id='word_1_204' title='bbox 625 3753 819 3827; x_wconf 78' lang='lat' dir='ltr'>fame</span> <span class='ocrx_word' id='word_1_205' title='bbox 870 3752 1079 3847; x_wconf 89' lang='lat' dir='ltr'>perit,</span> <span class='ocrx_word' id='word_1_206' title='bbox 1114 3752 1741 3846; x_wconf 86' lang='lat' dir='ltr'>quemadmodum</span> <span class='ocrx_word' id='word_1_207' title='bbox 1794 3761 1867 3827; x_wconf 92' lang='lat' dir='ltr'>et</span> <span class='ocrx_word' id='word_1_208' title='bbox 1918 3754 2177 3828; x_wconf 91' lang='lat' dir='ltr'>Midam</span> <span class='ocrx_word' id='word_1_209' title='bbox 2231 3753 2434 3827; x_wconf 91' lang='lat' dir='ltr'>illum</span> <span class='ocrx_word' id='word_1_210' title='bbox 2473 3752 2801 3827; x_wconf 84' lang='lat' dir='ltr'>fabulose</span> <span class='ocrx_word' id='word_1_211' title='bbox 2849 3751 2962 3826; x_wconf 90' lang='lat' dir='ltr'>di-</span> 
     </span>
     <span class='ocr_line' id='line_1_27' title="bbox 623 3866 2960 3968; baseline -0.002 -19"><span class='ocrx_word' id='word_1_212' title='bbox 623 3884 802 3950; x_wconf 91' lang='lat' dir='ltr'>cunt</span> <span class='ocrx_word' id='word_1_213' title='bbox 863 3879 1158 3968; x_wconf 87' lang='lat' dir='ltr'>propter</span> <span class='ocrx_word' id='word_1_214' title='bbox 1224 3873 1831 3948; x_wconf 86' lang='lat' dir='ltr'>insatiabilitatem</span> <span class='ocrx_word' id='word_1_215' title='bbox 1870 3866 1945 3966; x_wconf 76' lang='lat'>(²)</span> <span class='ocrx_word' id='word_1_216' title='bbox 2013 3873 2346 3948; x_wconf 88' lang='lat' dir='ltr'>desiderii</span> <span class='ocrx_word' id='word_1_217' title='bbox 2418 3872 2758 3947; x_wconf 89' lang='lat' dir='ltr'>omnibus</span> <span class='ocrx_word' id='word_1_218' title='bbox 2827 3872 2960 3945; x_wconf 92' lang='lat' dir='ltr'>sibi</span> 
     </span>
     <span class='ocr_line' id='line_1_28' title="bbox 624 3992 2962 4088; baseline -0.001 -19"><span class='ocrx_word' id='word_1_219' title='bbox 624 3993 959 4069; x_wconf 87' lang='lat' dir='ltr'>exhibitis</span> <span class='ocrx_word' id='word_1_220' title='bbox 1008 3993 1273 4068; x_wconf 79' lang='lat' dir='ltr'>aureis,</span> <span class='ocrx_word' id='word_1_221' title='bbox 1328 3992 1635 4082; x_wconf 85' lang='lat' dir='ltr'>Quidam</span> <span class='ocrx_word' id='word_1_222' title='bbox 1701 3993 1919 4068; x_wconf 87' lang='lat' dir='ltr'>etiam</span> <span class='ocrx_word' id='word_1_223' title='bbox 1986 3993 2433 4088; x_wconf 87' lang='lat' dir='ltr'>scripserunt</span> <span class='ocrx_word' id='word_1_224' title='bbox 2497 3992 2759 4067; x_wconf 89' lang='lat' dir='ltr'>Midam</span> <span class='ocrx_word' id='word_1_225' title='bbox 2826 3993 2962 4066; x_wconf 89' lang='lat' dir='ltr'>ha-</span> 
     </span>
     <span class='ocr_line' id='line_1_29' title="bbox 621 4112 2960 4206; baseline -0.001 -18"><span class='ocrx_word' id='word_1_226' title='bbox 621 4114 865 4188; x_wconf 89' lang='lat' dir='ltr'>buisse</span> <span class='ocrx_word' id='word_1_227' title='bbox 916 4114 1273 4187; x_wconf 90' lang='lat' dir='ltr'>annulum</span> <span class='ocrx_word' id='word_1_228' title='bbox 1312 4113 1437 4206; x_wconf 90' lang='lat' dir='ltr'>qui</span> <span class='ocrx_word' id='word_1_229' title='bbox 1474 4112 1813 4187; x_wconf 88' lang='lat' dir='ltr'>redderet</span> <span class='ocrx_word' id='word_1_230' title='bbox 1852 4113 2222 4187; x_wconf 87' lang='lat' dir='ltr'>hominem</span> <span class='ocrx_word' id='word_1_231' title='bbox 2271 4112 2723 4206; x_wconf 85' lang='lat' dir='ltr'>invisibilem,</span> <span class='ocrx_word' id='word_1_232' title='bbox 2762 4113 2960 4206; x_wconf 90' lang='lat' dir='ltr'>quod</span> 
     </span>
     <span class='ocr_line' id='line_1_30' title="bbox 619 4230 2959 4329; baseline -0.001 -20"><span class='ocrx_word' id='word_1_233' title='bbox 619 4235 891 4309; x_wconf 91' lang='lat' dir='ltr'>Plinius</span> <span class='ocrx_word' id='word_1_234' title='bbox 942 4240 1235 4329; x_wconf 86' lang='lat' dir='ltr'>reputat</span> <span class='ocrx_word' id='word_1_235' title='bbox 1279 4232 1714 4308; x_wconf 84' lang='lat' dir='ltr'>fabulosum.</span> <span class='ocrx_word' id='word_1_236' title='bbox 1744 4272 1843 4286; x_wconf 90' lang='lat'>—</span> <span class='ocrx_word' id='word_1_237' title='bbox 1868 4235 2003 4306; x_wconf 87' lang='lat' dir='ltr'>Del</span> <span class='ocrx_word' id='word_1_238' title='bbox 2032 4230 2218 4326; x_wconf 81' lang='lat' dir='ltr'>folle.</span> <span class='ocrx_word' id='word_1_239' title='bbox 2256 4232 2386 4307; x_wconf 90' lang='lat' dir='ltr'>Hic</span> <span class='ocrx_word' id='word_1_240' title='bbox 2419 4233 2632 4328; x_wconf 87' lang='lat' dir='ltr'>Hugo</span> <span class='ocrx_word' id='word_1_241' title='bbox 2667 4245 2959 4306; x_wconf 56' lang='lat' dir='ltr'>memo-⁴</span> 
     </span>
     <span class='ocr_line' id='line_1_31' title="bbox 622 4352 2959 4448; baseline 0 -20"><span class='ocrx_word' id='word_1_242' title='bbox 622 4361 733 4430; x_wconf 88' lang='lat' dir='ltr'>rat</span> <span class='ocrx_word' id='word_1_243' title='bbox 782 4355 1011 4429; x_wconf 91' lang='lat' dir='ltr'>alium</span> <span class='ocrx_word' id='word_1_244' title='bbox 1062 4360 1315 4428; x_wconf 90' lang='lat' dir='ltr'>actum</span> <span class='ocrx_word' id='word_1_245' title='bbox 1366 4352 1691 4428; x_wconf 82' lang='lat' dir='ltr'>avaritiae</span> <span class='ocrx_word' id='word_1_246' title='bbox 1744 4353 1870 4447; x_wconf 93' lang='lat' dir='ltr'>qui</span> <span class='ocrx_word' id='word_1_247' title='bbox 1924 4353 2136 4428; x_wconf 90' lang='lat' dir='ltr'>nimis</span> <span class='ocrx_word' id='word_1_248' title='bbox 2188 4353 2479 4427; x_wconf 86' lang='lat' dir='ltr'>videtur</span> <span class='ocrx_word' id='word_1_249' title='bbox 2512 4352 2959 4448; x_wconf 88' lang='lat' dir='ltr'>displicuisse</span> 
     </span>
     <span class='ocr_line' id='line_1_32' title="bbox 615 4471 2959 4570; baseline -0.002 -20"><span class='ocrx_word' id='word_1_250' title='bbox 615 4475 791 4550; x_wconf 60' lang='lat' dir='ltr'>Deo,</span> <span class='ocrx_word' id='word_1_251' title='bbox 864 4474 969 4549; x_wconf 83' lang='lat' dir='ltr'>Ad</span> <span class='ocrx_word' id='word_1_252' title='bbox 1034 4473 1245 4549; x_wconf 90' lang='lat' dir='ltr'>cuius</span> <span class='ocrx_word' id='word_1_253' title='bbox 1313 4473 1799 4570; x_wconf 83' lang='lat' dir='ltr'>cognitionem</span> <span class='ocrx_word' id='word_1_254' title='bbox 1866 4478 1975 4548; x_wconf 87' lang='lat' dir='ltr'>est</span> <span class='ocrx_word' id='word_1_255' title='bbox 2044 4472 2446 4567; x_wconf 87' lang='lat' dir='ltr'>sciendum,</span> <span class='ocrx_word' id='word_1_256' title='bbox 2509 4471 2706 4566; x_wconf 88' lang='lat' dir='ltr'>quod</span> <span class='ocrx_word' id='word_1_257' title='bbox 2771 4472 2959 4547; x_wconf 90' lang='lat' dir='ltr'>sicut</span> 
     </span>
     <span class='ocr_line' id='line_1_33' title="bbox 620 4591 2964 4688; baseline -0.002 -19"><span class='ocrx_word' id='word_1_258' title='bbox 620 4593 864 4669; x_wconf 88' lang='lat' dir='ltr'>scribit</span> <span class='ocrx_word' id='word_1_259' title='bbox 915 4594 1138 4668; x_wconf 87' lang='lat' dir='ltr'>Josue</span> <span class='ocrx_word' id='word_1_260' title='bbox 1190 4593 1278 4666; x_wconf 91' lang='lat' dir='ltr'>VI</span> <span class='ocrx_word' id='word_1_261' title='bbox 1329 4593 1669 4687; x_wconf 86' lang='lat' dir='ltr'>capitu10,</span> <span class='ocrx_word' id='word_1_262' title='bbox 1722 4598 1795 4668; x_wconf 90' lang='lat' dir='ltr'>et</span> <span class='ocrx_word' id='word_1_263' title='bbox 1860 4592 2029 4667; x_wconf 86' lang='lat' dir='ltr'>dicit</span> <span class='ocrx_word' id='word_1_264' title='bbox 2090 4593 2448 4688; x_wconf 78' lang='lat' dir='ltr'>Iosephus</span> <span class='ocrx_word' id='word_1_265' title='bbox 2514 4592 2700 4686; x_wconf 87' lang='lat' dir='ltr'>libro</span> <span class='ocrx_word' id='word_1_266' title='bbox 2760 4591 2964 4665; x_wconf 88' lang='lat' dir='ltr'>Anti-</span> 
     </span>
    </p>
   </div>
   <div class='ocr_carea' id='block_1_3' title="bbox 747 4848 2836 4916">
    <p class='ocr_par' dir='ltr' id='par_1_3' title="bbox 747 4848 2836 4916">
     <span class='ocr_line' id='line_1_34' title="bbox 747 4848 2836 4916; baseline -0.003 -12"><span class='ocrx_word' id='word_1_267' title='bbox 747 4851 803 4916; x_wconf 85' lang='lat'>(¹)</span> <span class='ocrx_word' id='word_1_268' title='bbox 838 4857 945 4914; x_wconf 82' lang='lat'>11⁷,</span> <span class='ocrx_word' id='word_1_269' title='bbox 977 4853 1125 4912; x_wconf 77' lang='lat' dir='ltr'>idest,</span> <span class='ocrx_word' id='word_1_270' title='bbox 1156 4857 1209 4904; x_wconf 80' lang='lat' dir='ltr'>et</span> <span class='ocrx_word' id='word_1_271' title='bbox 1240 4853 1539 4916; x_wconf 76' lang='lat' dir='ltr'>repetimus.</span> <span class='ocrx_word' id='word_1_272' title='bbox 1790 4851 1843 4916; x_wconf 79' lang='lat'>(²)</span> <span class='ocrx_word' id='word_1_273' title='bbox 1874 4851 1938 4902; x_wconf 88' lang='lat' dir='ltr'>E.</span> <span class='ocrx_word' id='word_1_274' title='bbox 1968 4850 2402 4902; x_wconf 75' lang='lat' dir='ltr'>insatiabilitatem</span> <span class='ocrx_word' id='word_1_275' title='bbox 2431 4849 2548 4900; x_wconf 74' lang='lat' dir='ltr'>auri</span> <span class='ocrx_word' id='word_1_276' title='bbox 2581 4848 2836 4900; x_wconf 82' lang='lat' dir='ltr'>omnibus.</span> 
     </span>
    </p>
   </div>
  </div>
 </body>
</html>
