4392 6850
1427 937 1473 1004 8
2147 945 2559 1003 conamen
2606 947 3045 1002 ruam-mnu

1423 1096 1600 1189 clio,
1635 1095 1978 1190 Euterpe,
2029 1095 2506 1189 Melpomene,
2556 1092 2827 1187 Thalia,
2866 1088 3267 1190 Polymni'a,
3304 1090 3549 1188 Erato,
3582 1093 3769 1170 Ter-

1422 1215 1778 1310 psichore,
1831 1213 2123 1308 Urania,
2177 1213 2517 1307 Calliope.
2571 1213 2659 1286 Et
2721 1219 2893 1287 nota
2960 1214 3159 1307 quod
3218 1215 3439 1288 Musae
3506 1213 3771 1288 dicun-

1422 1343 1548 1409 tur
1597 1335 1762 1409 filiae
1812 1334 2028 1409 JoviS.
2082 1336 2161 1406 ln
2214 1333 2457 1408 medio
2506 1339 2757 1409 autem
2806 1333 3112 1408 istarum
3150 1334 3503 1409 nobilium
3556 1337 3767 1430 pue}-

1423 1455 1666 1529 larum
1719 1461 1862 1528 stat
1909 1454 2164 1549 Apollo
2197 1452 2380 1528 deus
2414 1453 2785 1548 sapientiae
2818 1457 2891 1527 et
2932 1463 3345 1548 poetarum,
3386 1459 3461 1528 et
3504 1456 3767 1549 puelloe

1423 1575 1496 1650 in
1548 1573 1862 1649 circuitu
1915 1573 2309 1668 respiciunt
2360 1573 2565 1647 illum
2616 1572 2898 1648 allectae
2926 1565 2999 1666 (¹)
3052 1593 3312 1648 amore
3368 1575 3550 1649 eius.
3609 1577 3767 1671 Ipse

1424 1715 1604 1770 vero
1657 1698 1856 1770 tenet
1903 1693 2264 1768 citharam
2316 1699 2595 1788 septem
2646 1691 3042 1768 cordarum
3102 1695 3533 1770 suavissime
3591 1713 3767 1769 cau-

1425 1823 1610 1909 tanS,
1663 1813 1836 1909 quia
1887 1815 1994 1888 sol
2055 1819 2417 1909 temperat
2464 1813 2875 1888 armoniam
2930 1821 3211 1910 septem
3263 1815 3763 1911 planetarum3

1425 1937 1588 2010 ideo
1651 1935 1842 2008 bene
1907 1933 2181 2008 dictum
2242 1939 2399 2008 est:
2460 1939 2548 2006 In
2598 1936 2822 2006 medio
2884 1955 3229 2008 resonans
3302 1938 3768 2029 complectitur

1426 2059 1665 2129 omnia
1714 2055 2027 2128 Phoebus.
2091 2055 2200 2128 Ex
2260 2052 2603 2128 omnibus
2661 2051 3021 2148 prae'dictis
3084 2054 3255 2129 satis
3316 2055 3769 2150 perpendere

1424 2183 1630 2271 potes
1679 2195 1918 2268 quare
1965 2181 2181 2269 poeta
2236 2183 2483 2250 noster
2532 2173 2821 2248 invocet
2868 2175 3111 2248 Musas
3162 2174 3236 2248 in
3288 2175 3637 2272 generali,
3690 2181 3765 2251 et

1425 2295 1499 2369 in
1573 2295 1859 2390 speciali
1935 2294 2150 2368 istam
2228 2293 2564 2388 Calliope,
2628 2293 2840 2368 cuius
2898 2291 3226 2368 officium
3294 2303 3406 2370 est
3483 2295 3555 2368 in
3623 2294 3769 2370 fine

1395 2416 1818 2490 decantare
1879 2421 1952 2490 et
2020 2414 2481 2509 proclamare
2540 2413 2840 2509 egregia
2910 2435 3135 2509 opera
3198 2414 3535 2490 aliarum.
3600 2415 3769 2490 Ideo

1423 2537 1614 2612 bene
1663 2535 1886 2609 dixit:
1940 2556 1978 2607 e
2027 2537 2145 2625 qm·
2200 2537 2505 2626 Calliope
2552 2537 2887 2625 alquanto
2918 2555 3169 2627 surya,
3210 2535 3481 2612 scilicet
3512 2536 3604 2610 ad
3638 2536 3769 2610 de·-
3870 2578 3875 2584 ·

1426 2656 1827 2732 sensionem
1879 2675 2124 2730 meam
2176 2660 2433 2728 contra
2485 2655 2796 2729 aemulos
2847 2675 3075 2749 meoS,
3128 2661 3203 2730 et
3252 2655 3549 2731 adiuvet
3593 2677 3771 2731 can-

1424 2784 1584 2852 tum
1643 2796 1916 2850 meum.
1953 2775 2042 2848 Et
2091 2774 2335 2848 subdit
2386 2780 2600 2869 poeta
2652 2775 2960 2849 modum
3013 2795 3163 2869 quo
3203 2775 3376 2849 velit
3416 2795 3497 2850 se
3520 2777 3767 2871 juvari

1425 2897 1520 2972 ab
1570 2897 1703 2970 ista
1754 2896 1977 2971 nobili
2014 2895 2334 2990 domina,
2371 2893 2641 2970 scilicet
2696 2901 2775 2968 ut
2826 2901 3072 2970 cantet
3123 2915 3318 2970 nunc
3368 2917 3502 2990 pro
3553 2903 3769 2992 poeta

1426 3038 1564 3092 suo
1617 3024 1766 3090 tam
1819 3016 2289 3109 excellenter,
2332 3006 2523 3090 sicut
2550 3014 2725 3087 olim
2764 3015 2933 3090 fecit
2966 3035 3101 3110 pro
3146 3015 3369 3090 Musis
3408 3017 3558 3090 suis
3595 3037 3771 3091 con·

1430 3145 1540 3212 tra
1591 3132 1910 3210 Pierides
1961 3157 2146 3229 quas
2197 3134 2509 3210 mutavit
2558 3134 2633 3208 in
2683 3135 2899 3230 picaS.
2953 3135 3041 3208 Et
3084 3135 3176 3210 ad
3232 3135 3455 3210 huius
3503 3135 3767 3211 fabulae

1427 3254 1971 3353 intelligentiam
2025 3255 2305 3328 claram
2358 3261 2646 3349 oportet
2694 3254 3059 3349 praescire,
3112 3254 3309 3349 quod
3360 3256 3546 3330 sicut
3588 3257 3769 3330 scri-

1425 3377 1532 3453 bit
1579 3376 1876 3453 Ovidius
1903 3373 1964 3448 V
2005 3375 2721 3472 Methamorphoseos
2771 3375 2943 3451 satis
2992 3375 3291 3451 diffuse:
3340 3375 3575 3452 Pallas
3632 3377 3771 3453 dea

1425 3497 1796 3594 sapientiae
1846 3517 2018 3571 cum
2057 3496 2373 3571 venisset
2420 3496 2511 3569 ad
2555 3495 2937 3571 visendum
2989 3498 3398 3572 Parnasum
3442 3506 3768 3573 montem

1425 3619 1995 3694 celeberrimum
2047 3622 2461 3713 poetarum,
2506 3616 2599 3691 de
2646 3638 2801 3709 quo
2849 3618 3063 3714 plene
3103 3618 3338 3693 dicam
3376 3620 3615 3715 primo
3648 3640 3773 3695 ca-

1425 3739 1656 3835 pitulo
1701 3738 2043 3832 Paradisi,
2081 3744 2156 3812 et
2206 3738 2625 3812 Heliconem
2679 3738 3209 3833 pulcerrimum
3255 3740 3531 3815 fontem
3578 3739 3767 3815 illius

1431 3860 1720 3956 montiS,
1779 3859 2294 3934 commendata
2342 3858 2770 3935 amoenitate
2819 3860 2981 3955 loci,
3034 3860 3323 3935 vocavit
3372 3862 3614 3935 Musas
3660 3860 3771 3937 se-

1427 3983 1600 4057 lices
1653 3981 1934 4056 ratione
1983 3980 2118 4055 loci
2170 3986 2244 4053 et
2306 3978 2543 4054 studii.
2599 3980 2803 4054 Tunc
2852 3981 3121 4056 Urania
3172 3981 3382 4078 virgo
3430 3980 3767 4077 coelestis,

1425 4104 1518 4177 de
1567 4121 1718 4195 qua
1767 4100 2041 4175 dictum
2092 4107 2205 4174 est
2245 4120 2491 4196 supra,
2527 4100 2895 4194 respondit
2930 4101 3129 4195 quod
3166 4122 3430 4177 verum
3482 4104 3768 4179 dicebat

1427 4222 1682 4316 PallaS,
1735 4221 1795 4295 si
1845 4226 2086 4295 essent
2135 4225 2315 4293 tutae
2373 4221 2469 4294 ab
2516 4220 2800 4295 iniuriis
2852 4221 3374 4318 violentorum3
3412 4230 3489 4298 et
3534 4224 3768 4299 eonti-

1425 4362 1578 4417 nuo
1627 4340 1953 4415 narravit
2004 4338 2203 4433 quod
2252 4360 2425 4413 cum
2462 4338 2691 4414 semel
2730 4340 2901 4435 ipsae
2935 4362 3200 4416 novem
3244 4362 3537 4418 sorores
3578 4344 3767 4419 irent

1421 4461 1514 4535 ad
1566 4459 1928 4553 templum
1979 4458 2345 4553 ApolliniS,
2400 4458 2599 4551 quod
2648 4465 2758 4533 est
2806 4458 2881 4532 in
2928 4466 3179 4535 monte
3218 4460 3565 4557 Parnaso,
3602 4457 3768 4557 qui·—

1421 4580 1592 4654 dam
1645 4579 1943 4653 nomine
1989 4579 2395 4675 Pyreneus,
2438 4577 2563 4672 qui
2615 4579 2843 4652 armis
2893 4578 3418 4677 subiugaverat
3452 4599 3765 4679 regnum

1423 4698 1717 4794 Boetiae,
1770 4698 2021 4773 videns
2071 4718 2196 4772 eas
2248 4696 2511 4771 blande
2561 4709 2637 4773 et
2684 4716 2855 4771 cum
2910 4698 3077 4773 ficta
3122 4700 3537 4776 reverentia
3580 4700 3765 4777 imi·

1425 4818 1604 4892 tavit
1653 4816 1832 4911 illas,
1887 4824 1970 4890 ut
2021 4816 2381 4891 intrarent
2431 4823 2707 4891 tectum
2760 4838 2981 4891 suum
3018 4837 3193 4892 cum
3246 4825 3437 4895 esset
3480 4828 3768 4917 tempus

1550 5080 1610 5147 (¹)
1644 5085 1754 5143 11⁷,
1787 5082 2014 5134 allicitu-
