4392 6850
1225 968 1502 1024 cxN'rus
1550 970 1867 1024 nEcmus
1917 968 2306 1024 SECUNDUS.
2495 1039 2500 1043 ,
2790 956 2927 1024 331

588 1110 881 1185 fortuna
931 1112 1006 1186 in
1058 1111 1534 1205 contrarium,
1588 1111 1913 1207 privatus
1973 1112 2105 1187 fuit
2158 1113 2434 1188 visione
2486 1115 2933 1209 futurorum,

587 1251 813 1324 quam
867 1231 1170 1306 dederat
1220 1232 1415 1306 Deus
1466 1232 1603 1326 illi3
1657 1239 1730 1307 et
1779 1231 2170 1325 aliquando
2224 1233 2633 1308 vexabatur
2683 1256 2728 1308 a
2779 1234 2933 1309 dae-

589 1371 834 1444 mone,
886 1358 963 1425 et
1010 1371 1205 1446 saepe
1263 1351 1614 1447 perdebat
1683 1352 2071 1426 exercitus,
2140 1354 2270 1426 Hic
2331 1354 2692 1448 superbus
2758 1353 2934 1429 Saul

589 1470 819 1544 voluit
871 1492 962 1544 ex
1015 1471 1280 1547 invidia
1329 1471 1442 1546 bis
1493 1450 1830 1546 occidere
1881 1471 2109 1545 David
2161 1473 2539 1566 humilem,
2577 1474 2703 1567 qui
2756 1495 2935 1549 con-

588 1590 861 1666 tulerat
911 1592 1042 1665 sibi
1096 1598 1200 1667 tot
1250 1592 1625 1686 beneficia,
1661 1598 1736 1666 et
1771 1590 1877 1665 bis
1912 1599 2339 1666 servaverat
2372 1613 2543 1667 eum
2582 1614 2626 1667 a
2666 1601 2930 1690 morte,

589 1729 761 1784 cum
794 1718 1057 1805 posset
1105 1712 1480 1805 occidere3
1531 1718 1606 1786 et
1654 1711 1727 1785 in
1782 1712 2212 1786 necessitate
2264 1713 2580 1786 recurrit
2639 1714 2731 1788 ad
2796 1737 2933 1811 py-

589 1832 964 1925 tonissam,
1014 1854 1183 1927 quae
1234 1834 1618 1907 suscitaret
1668 1832 1799 1905 sibi
1861 1831 2307 1908 Samuelem.
2361 1833 2705 1908 Finaliter
2754 1856 2927 1909 curn

588 1950 884 2025 odiosus
935 1940 1125 2027 esset
1173 1954 1327 2028 Deo
1378 1960 1450 2027 et
1502 1952 1914 2026 hominibus
1977 1951 2230 2026 eduxit
2278 1952 2659 2029 infeliciter
2711 1975 2930 2030 exer·-

589 2072 818 2146 citum
871 2080 1128 2148 contra
1179 2073 1575 2168 philistinos
1627 2074 1868 2147 hostes
1918 2073 2109 2168 apud
2174 2079 2458 2147 montes
2486 2068 2560 2166 (¹)
2616 2075 2929 2150 Gelboe:

587 2194 978 2269 commissa
1013 2216 1260 2291 pugna
1294 2215 1463 2268 cum
1502 2192 1782 2268 videret
1816 2215 1990 2266 suos
2023 2193 2394 2287 debellari,
2432 2202 2505 2269 et
2540 2195 2724 2269 filios
2758 2217 2933 2270 suos

587 2313 781 2388 circa
833 2335 913 2388 se
965 2322 1297 2389 mortuos
1346 2321 1421 2388 et
1471 2335 1550 2388 se
1601 2314 2098 2406 vulneratum,
2151 2314 2402 2408 petivit
2464 2322 2780 2391 mortem
2834 2317 2930 2392 ab

587 2434 958 2530 armigero
1010 2455 1183 2527 su03
1245 2433 1369 2509 sed
1436 2454 1606 2507 cum
1678 2432 1797 2506 ille
1866 2441 2246 2508 recusaret
2310 2434 2644 2509 incubuit
2710 2457 2932 2530 super

587 2554 944 2651 gladium,
1022 2561 1096 2629 et
1170 2555 1572 2650 superbum
1652 2552 1855 2626 illum
1944 2553 2276 2647 spiritum
2364 2555 2932 2651 magnanimiter

589 2674 796 2749 eiecit
848 2696 943 2750 ne
1003 2673 1214 2750 fieret
1277 2675 1673 2749 ludibrium
1744 2673 2337 2748 adversariorum
2403 2697 2738 2769 suorum,
2798 2676 2929 2771 qui

588 2795 809 2870 etiam
863 2803 1025 2890 post
1076 2801 1391 2870 mortem
1452 2794 1524 2868 in
1586 2815 1898 2889 corpora
1963 2794 2407 2900 saevierunt3
2457 2810 2627 2868 nam
2692 2797 2928 2891 capita

589 2916 781 3011 regis
832 2923 907 2989 et
960 2915 1274 2990 filiorum
1319 2921 1799 3010 portaverunt
1834 2913 1909 2987 in
1946 2915 2164 2988 hastis
2202 2936 2334 3010 per
2371 2922 2605 2990 terras
2638 2936 2929 3011 eorum,

498 3089 503 3093 -
587 3043 662 3110 et
727 3056 1037 3131 corpora
1104 3037 1177 3110 in
1246 3036 1478 3109 muris
1541 3035 1633 3109 ad
1707 3043 1996 3130 tempus
2063 3056 2414 3130 suspensa
2479 3043 2927 3131 tenuerunt;

590 3156 747 3231 talis
797 3165 908 3231 est
959 3156 1121 3231 finis
1170 3156 1683 3251 superborum.
1739 3156 1844 3229 Ad
1899 3156 2182 3229 literam
2250 3177 2463 3252 ergo:
2524 3164 2740 3252 poeta
2794 3179 2929 3232 no-

586 3282 734 3350 ster
786 3274 1244 3372 indignanter
1295 3275 1695 3350 exclamat:
1743 3281 1803 3350 0
1837 3278 2032 3366 Saul,
2069 3276 2586 3370 superbissime
2634 3298 2926 3375 regum,

583 3416 776 3469 come
812 3398 1071 3489 parem·
1117 3399 1259 3495 qui,
1312 3395 1670 3493 figuratus
1740 3395 1809 3468 in
1877 3395 2018 3489 via,
2071 3402 2299 3468 morto
2359 3398 2435 3468 in
2500 3417 2583 3469 su
2634 3399 2707 3470 la
2753 3419 2932 3490 pro-

575 3520 749 3610 pria
797 3520 1053 3610 spada,
1103 3538 1152 3592 a
1200 3523 1273 3591 te
1325 3516 1478 3612 ipso
1530 3516 1974 3610 intersectuS,
2010 3519 2087 3588 in
2137 3518 2409 3606 Getboe,
2461 3536 2633 3590 cum
2700 3519 2934 3593 tribus

584 3637 744 3710 filiis
795 3638 959 3711 tuis,
1013 3639 1099 3712 Et
1149 3637 1367 3712 dicit:
1419 3639 1540 3711 clze
1583 3640 1708 3729 poi
1755 3658 1898 3710 non
1947 3629 2120 3710 senti
2145 3639 2439 3728 pioyyia
2474 3634 2564 3710 ne*
2596 3641 2928 3730 ruyiada.

586 3759 737 3832 Hoc
787 3745 977 3852 dicit,
1031 3759 1202 3853 quia
1254 3757 1506 3851 David,
1556 3758 1803 3831 audita
1865 3764 2105 3832 morte
2167 3757 2403 3831 soceri
2456 3764 2530 3831 et
2580 3757 2928 3854 filiorum,

586 3878 962 3952 maledixit
1011 3885 1297 3954 montes
1345 3878 1642 3971 Gelboe,
1699 3885 1782 3951 ut
1842 3899 1963 3952 ros
2023 3899 2265 3971 neque
2328 3878 2574 3972 pluvia
2634 3879 2931 3953 caderet

585 4020 810 4095 super
862 4021 1013 4075 eos
1066 4001 1154 4073 Et
1206 3999 1516 4074 merito:
1573 4020 1744 4072 nam
1797 3998 1972 4073 Saul
2026 3999 2158 4074 etsi
2202 3997 2563 4092 superbus
2622 4020 2930 4095 magna-

547 4122 836 4195 nimus
889 4129 1136 4196 tamen
1189 4120 1346 4214 suit,
1398 4120 1524 4214 qui
1576 4120 1752 4193 dum
1811 4121 2182 4215 praesciret
2227 4119 2448 4193 finem
2500 4140 2745 4211 suum,
2783 4139 2930 4192 non

587 4243 903 4338 expavit,
958 4262 1104 4316 non
1152 4240 1539 4315 declinavit
1603 4262 1951 4338 pugnam,
2004 4247 2076 4316 et
2137 4241 2372 4314 victus
2434 4259 2514 4313 se
2572 4239 2931 4334 percussit

585 4363 851 4459 gladie,
902 4361 1114 4436 cuius
1167 4360 1847 4456 magnanimitatem
1909 4360 2402 4455 multipliciter
2461 4358 2931 4433 commendat
2999 4402 3003 4409 -

583 4483 961 4577 JosephuS.
992 4522 1091 4536 —
1123 4484 1184 4555 0
1229 4483 1413 4575 folle.
1468 4480 1597 4554 Hic
1651 4488 1864 4575 poeta
1915 4480 2254 4554 describit
2295 4478 2519 4554 alium
2565 4485 2815 4553 actum
2853 4485 2929 4553 et

585 4603 930 4680 effectum
1001 4602 1365 4696 superbiae
1433 4601 1781 4675 mulieris,
1849 4600 1954 4675 Ad
2023 4601 2216 4695 quod
2270 4598 2646 4674 sciendum
2708 4599 2929 4693 quod,

582 4725 769 4798 sicut
803 4723 1051 4799 scribit
1076 4722 1373 4797 Ovidius
1414 4721 1505 4794 VI
1541 4721 1852 4814 Maioris,
1887 4723 2221 4796 Arachne
2257 4720 2391 4793 fuit
2432 4718 2730 4794 foemina
2767 4727 2931 4793 tex-

579 4845 723 4918 trix
775 4842 1351 4940 ingeniosissima
1404 4840 1495 4916 de
1546 4842 1988 4936 Colophonia
2051 4842 2339 4916 civitate
2389 4840 2598 4933 Asiae,
2650 4861 2817 4932 quae
2847 4830 2924 4932 (Ξ)

705 5093 762 5158 (¹)
798 5098 904 5154 117,
937 5099 1168 5145 montem
1200 5095 1408 5146 Gelboe.
1896 5094 1950 5158 (¹)
1982 5096 2042 5146 E.
2073 5108 2105 5145 e
2135 5095 2186 5145 S.
2220 5108 2337 5158 quae
2370 5106 2464 5157 per
2494 5092 2803 5155 superbiam.
