4392 6850
1499 897 1776 954 CANTUs
1825 898 2084 954 noNUs.
2820 894 2956 960 251

616 1039 693 1114 in
726 1043 926 1133 a‘vae,
968 1041 1260 1138 Progne
1289 1033 1362 1134 (¹)
1401 1040 1476 1115 in
1515 1041 2008 1138 hirundinem,
2041 1045 2442 1121 Philomela
2476 1045 2551 1122 in
2583 1068 2800 1123 avem
2844 1047 2962 1123 sui

618 1159 969 1255 nominis3
1007 1161 1133 1235 sed
1169 1161 1446 1236 Tereus
1479 1182 1882 1237 conversus
1923 1171 2033 1240 est
2085 1163 2157 1238 in
2208 1186 2426 1241 avem
2463 1168 2957 1264 turpissimam

611 1299 780 1374 quae
828 1279 1095 1354 dicitur
1147 1300 1418 1376 upupa,
1460 1301 1632 1375 quae
1681 1283 2025 1358 discurrit
2058 1305 2190 1380 per
2230 1289 2565 1382 sepulcra
2618 1296 2959 1362 mortuo-

614 1422 820 1494 rum3
854 1400 1000 1498 Itys
1035 1421 1213 1475 vero
1255 1421 1441 1496 puer
1475 1423 1876 1479 conversus
1911 1413 2021 1479 est
2059 1406 2130 1479 in
2168 1407 2623 1501 phasianum.
2660 1408 2804 1484 Sed
2836 1410 2957 1482 ul-

615 1522 792 1596 timo
842 1528 1038 1615 nota,
1091 1521 1346 1616 lector,
1397 1523 1596 1617 quod
1648 1544 1768 1599 res
1820 1530 2140 1619 narrata,
2192 1527 2360 1604 licet
2408 1528 2690 1602 dicatur
2743 1529 2954 1603 fabu-

613 1643 788 1736 losa,
842 1647 989 1715 tota
1042 1640 1179 1714 ruit
1227 1641 1525 1717 historia
1578 1663 1778 1738 vera,
1831 1645 2017 1719 sicut
2066 1647 2315 1721 scribit
2364 1648 2813 1745 Augustinus
2858 1648 2953 1724 de

611 1761 912 1837 civitate
946 1761 1100 1854 Dei,
1134 1769 1210 1836 et
1242 1762 1618 1858 Horosius,
1658 1769 1926 1858 praeter
1958 1763 2181 1842 finem
2223 1766 2344 1840 ubi
2380 1767 2677 1864 fingitur
2715 1776 2953 1842 trans-

609 1881 947 1958 formatio
1001 1882 1348 1976 istorum3
1384 1883 1598 1958 cuius
1633 1881 1937 1958 fictionis
1969 1886 2398 1982 allegoriam
2434 1907 2702 1982 ponam
2739 1888 2949 1984 infra,

607 2003 923 2098 capitulo
960 2002 1138 2076 XVI.
1193 2003 1300 2076 Ex
1350 2003 1556 2078 dictis
1606 2024 1786 2101 ergo
1837 2005 2036 2080 clare
2090 2011 2306 2101 patet,
2350 2027 2585 2101 quare
2634 2007 2949 2081 hirundo

603 2122 867 2199 dicitur
899 2144 1128 2219 prope
1163 2143 1383 2198 mane
1416 2131 1717 2199 cantare
1752 2123 1994 2200 tristes
2028 2124 2605 2200 lamentationes,
2642 2126 2731 2199 Et
2772 2127 2952 2200 sub-

601 2242 703 2318 dit
751 2249 970 2339 poeta
1021 2242 1219 2336 quod
1283 2243 1408 2318 tali
1472 2244 1656 2318 bora
1713 2242 1900 2317 fiunt
1961 2244 2331 2318 interdum
2395 2244 2679 2320 somnia
2743 2265 2947 2340 vera,

599 2359 884 2440 dicens:
939 2385 978 2436 e
1025 2365 1144 2435 che
1193 2366 1266 2436 la
1315 2369 1534 2436 mente
1585 2371 1829 2438 nostra
1861 2360 1986 2456 pici
2015 2369 2424 2457 ρενεῃηῗηα,
2460 2366 2665 2459 idest,
2710 2365 2943 2462 magis

601 2491 885 2560 remota
947 2491 1024 2560 et
1083 2483 1473 2577 abstracta,
1524 2487 1720 2558 dalla
1787 2505 2030 2576 carne,
2093 2485 2298 2581 idest,
2362 2505 2408 2560 a
2474 2486 2807 2562 sensibus
2870 2493 2947 2560 et

599 2605 1072 2702 passionibuS,
1135 2604 1310 2699 quia
1377 2610 1554 2682 tunc
1618 2604 1938 2700 perfecta
1990 2605 2403 2703 ,digestione
2466 2613 2541 2682 et
2600 2607 2941 2682 resolutis

599 2725 818 2800 fumis
870 2743 1080 2801 mens
1129 2732 1240 2800 est
1288 2726 1522 2821 magis
1571 2725 1837 2818 sobria,
1903 2747 1942 2797 e
2001 2747 2156 2798 men
2206 2728 2332 2799 dai
2371 2730 2649 2820 pensier
2689 2750 2939 2822 presa,

597 2844 800 2939 idest,
873 2846 1117 2920 minus
1179 2851 1535 2941 occupata
1584 2867 1629 2920 a
1689 2846 1886 2920 curis
1952 2866 2206 2920 rerum
2272 2848 2752 2942 exteriorum,
2804 2852 2940 2923 alle

593 2989 714 3040 sue
775 2971 1002 3042 vision
1069 2970 1273 3060 quasi
1334 2963 1376 3041 e*
1429 2970 1694 3059 divina,
1755 2967 1939 3042 idest
2006 2989 2359 3064 praesaga,
2426 2969 2599 3064 quia
2666 2971 2941 3047 scilicet

594 3088 948 3183 praevidet
996 3109 1176 3163 vere
1226 3089 1475 3162 futura
1527 3108 1658 3182 per
1719 3087 2110 3161 somnium.
2165 3088 2252 3161 Et
2315 3087 2429 3162 hic
2490 3095 2683 3184 nota,
2736 3091 2936 3185 quod

594 3209 932 3302 quaedam
963 3215 1137 3284 sunt
1167 3208 1450 3283 somnia
1487 3207 1872 3301 naturalia,
1899 3207 2087 3281 sicut
2121 3207 2457 3282 videmus
2487 3208 2683 3302 quod
2710 3210 2935 3306 aliqui

592 3348 788 3425 saepe
837 3349 882 3402 a
935 3335 1200 3403 natura
1233 3327 1508 3402 faciunt
1552 3327 1837 3402 somnia
1877 3347 2079 3423 vera,
2119 3327 2346 3423 aliqui
2388 3348 2680 3425 semper
2723 3329 2932 3428 falsa3

591 3448 934 3545 quaedam
985 3455 1158 3523 sunt
1207 3447 1554 3542 bestialia,
1605 3448 1794 3522 sicut
1837 3446 1956 3522 illa
1990 3468 2158 3542 quae
2210 3448 2651 3543 proveniunt
2690 3470 2735 3524 a
2770 3471 2937 3526 cra-

591 3570 765 3665 pula
819 3572 936 3645 vel
987 3570 1390 3665 ebrietate,
1441 3568 1779 3664 quaedam
1833 3589 2015 3644 vero
2065 3577 2237 3643 sunt
2286 3569 2712 3665 spiritualia,
2764 3592 2933 3665 quae

591 3690 778 3765 fiunt
828 3691 1276 3766 revelatione
1324 3689 1588 3764 divina.
1618 3728 1720 3743 —
1743 3694 1834 3763 Ec
1878 3710 2084 3763 esser.
2141 3690 2269 3764 Hic
2330 3696 2545 3785 poeta
2594 3690 2933 3766 describit

589 3813 839 3889 locum
890 3818 964 3887 et
1014 3811 1318 3886 modum
1371 3810 1485 3885 sui
1539 3815 1791 3906 raptus
1843 3830 1974 3906 per
2027 3831 2255 3884 unam
2307 3811 2930 3907 comparationem

587 3933 932 4007 nobilem.
984 3932 1093 4006 Ad
1143 3930 1355 4005 cuius
1413 3929 1959 4025 intelligentiam
2013 3928 2235 4005 debes
2283 3930 2495 4023 scire,
2560 3930 2780 4026 quod,
2846 3938 2931 4005 ut

585 4052 874 4151 fingunt
920 4059 1158 4149 poetae
1207 4058 1282 4126 et
1328 4050 1554 4148 graeci
1607 4060 1681 4127 et
1728 4048 1950 4143 latini,
1985 4049 2445 4145 Ganymedes
2494 4049 2683 4124 filius
2734 4051 2928 4147 regis

585 4175 1046 4251 troianorum
1097 4192 1270 4247 cum
1323 4170 1571 4246 ivisset
1620 4191 1793 4245 cum
1842 4170 2053 4245 sociis
2089 4170 2164 4244 in
2197 4170 2662 4245 venationem
2715 4176 2925 4246 extra

585 4296 902 4388 Troiam,
952 4314 1126 4369 ecce
1173 4292 1440 4388 aquila,
1477 4311 1649 4387 quae
1677 4291 1943 4366 dicitur
1979 4290 2137 4365 avis
2171 4290 2390 4384 lovis,
2428 4289 2669 4363 subito
2716 4290 2923 4363 illum

586 4423 880 4511 raptum
930 4413 1247 4510 portavit
1295 4412 1369 4486 in
1421 4412 1718 4507 eoelum,
1769 4410 1898 4485 ubi
1961 4411 2196 4485 factus
2252 4409 2518 4484 dicitur
2580 4409 2928 4506 pincerna

584 4535 797 4610 Iovis,
858 4534 1092 4608 Huius
1153 4532 1462 4610 fictionis
1529 4532 1798 4608 veritas
1867 4537 1998 4625 est,
2065 4535 2425 4625 quantum
2496 4534 2773 4625 spectat
2832 4528 2926 4603 ad

586 4663 913 4731 nostrum
966 4655 1443 4751 propositum,
1487 4653 1686 4747 quod
1737 4651 2066 4747 Iuppiter
2107 4657 2363 4745 potens
2406 4670 2539 4724 rex
2581 4650 2817 4724 Cretae
2844 4640 2918 4743 (¹)

586 4776 748 4852 felix
771 4767 848 4869 (³)
882 4797 1054 4851 cum
1093 4775 1409 4850 venisset
1441 4774 1516 4848 in
1549 4772 1784 4848 aciem
1821 4778 2076 4884 contra
2104 4770 2371 4845 Troem
2407 4789 2659 4865 regem
2690 4770 2925 4865 Phry-

705 5045 758 5108 (’)
792 5042 854 5095 B.
887 5043 1083 5094 scillcet
1115 5043 1334 5107 Progne.
1483 5041 1536 5104 (²)
1569 5040 1630 5091 Ε.
1664 5040 1929 5093 cretensis.
2073 5037 2125 5101 ι’)
2160 5042 2269 5099 117,
2302 5036 2428 5087 felix
2460 5036 2513 5085 ln
2545 5035 2746 5099 proelio,
2779 5049 2920 5087 cum.
