4392 6850
1186 852 1467 909 cxwrus
1514 853 1833 909 Decimus
1879 851 2218 907 oca-Avus.
2741 838 2882 907 489

552 999 731 1073 ritus
780 999 1195 1075 manifestat
1243 1020 1325 1073 se
1372 999 1609 1093 ipsum
1664 998 2081 1073 describens
2143 1018 2226 1073 se
2287 1018 2331 1071 a
2403 997 2774 1094 dignitate,
2841 1020 2886 1073 a

550 1119 728 1214 loco,
764 1141 810 1194 a
846 1125 1198 1215 tempore.
1236 1119 1323 1192 Et
1354 1119 1447 1195 ad
1481 1119 2029 1216 intelligentiam
2066 1119 2358 1215 plenam
2401 1120 2622 1195 buius
2656 1120 2886 1195 literae

550 1244 659 1315 est
691 1239 929 1335 primo
963 1240 1363 1335 sciendum,
1400 1239 1596 1335 quod
1633 1240 1769 1315 iste
1800 1238 2095 1335 spiritus
2128 1218 2298 1315 dicit
2330 1260 2412 1315 se
2445 1240 2666 1345 fuisse
2698 1246 2888 1315 tem-

550 1380 727 1455 pore
776 1360 1289 1455 Barbaerussae,
1340 1380 1491 1455 quo
1538 1359 1950 1435 Fridericus
1998 1359 2029 1433 1
2078 1359 2173 1434 de
2231 1358 2521 1454 Suevia,
2573 1360 2667 1436 de
2734 1380 2886 1455 quo

548 1480 723 1555 alias
773 1478 961 1554 facta
1013 1484 1123 1554 est
1165 1479 1459 1573 mentio,
1512 1478 1899 1575 imperavit
1958 1479 2169 1553 annis
2222 1479 2540 1576 triginta·
2573 1486 2883 1575 septem.

550 1599 685 1688 Qui
739 1599 941 1695 prius
991 1598 1125 1672 fuit
1174 1599 1455 1673 amicus
1504 1599 1854 1692 ecclesiae,
1904 1599 2030 1673 sed
2082 1604 2332 1694 postea
2385 1599 2636 1673 habuit
2685 1599 2882 1675 litem

552 1740 725 1793 cum
788 1719 1203 1806 Alexandro
1252 1720 1343 1792 111
1402 1720 1711 1814 senensi,
1771 1718 1897 1813 qui
1962 1719 2658 1795 excommunicavit-
2687 1740 2886 1794 eum.

552 1840 715 1927 Quo
764 1846 1097 1935 tempore
1148 1840 1380 1915 multa
1418 1840 1611 1915 bella
1659 1838 1915 1913 babuit
1966 1838 2039 1912 in
2089 1838 2290 1913 ltalia
2343 1860 2515 1915 cum
2565 1840 2890 1915 lombar-

554 1960 661 2035 dis
711 1960 1121 2034 faventibus
1171 1980 1411 2056 papae3
1448 1966 1521 2035 et
1563 1959 1811 2035 victor·
1843 1960 2179 2034 omnium
2231 1958 2590 2033 destruxit
2638 1959 2892 2055 Spole-

557 2086 709 2153 tum
750 2087 825 2155 et
858 2079 1299 2155 Terdonam:
1328 2080 1661 2155 Laudum
1709 2078 2264 2154 transmutavit:
2301 2078 2682 2153 aedificavit
2714 2079 2893 2154 Cre-

558 2222 780 2295 mam,
846 2209 921 2276 et
986 2201 1427 2277 Cremonam
1498 2200 1769 2295 recepit
1835 2220 1969 2296 per
2027 2200 2490 2275 deditionem.
2553 2200 2640 2273 Et
2705 2199 2896 2275 inter

558 2320 1035 2395 memoranda
1058 2322 1287 2416 gesta,
1314 2319 1799 2395 Mediolanum
1825 2340 1957 2415 per
1991 2320 2440 2395 obsidionem
2477 2322 2668 2416 cepit
2699 2342 2896 2396 anno

563 2439 849 2517 Domini
888 2440 1247 2534 MCLXlll,
1283 2440 1481 2533 quod
1514 2436 1895 2535 prostratis
1929 2440 2217 2515 moeniis
2255 2446 2492 2515 totum
2529 2442 2698 2538 igne
2729 2462 2924 2545 cre--

562 2544 813 2654 inavit,
866 2564 939 2635 et
988 2559 1177 2635 fecit·
1201 2560 1400 2634 arari
1433 2567 1509 2634 et
1534 2560 1881 2635 seminari
1920 2560 2091 2636 sale.
2130 2562 2216 2633 Et
2250 2560 2416 2635 fecit
2449 2560 2542 2635 de
2575 2561 2896 2635 romanis

564 2678 1053 2755 miserabilem
1080 2686 1399 2776 stragem
1420 2706 1438 2753 ε
1459 2686 1755 2776 propter
1780 2702 1951 2775 quae
1962 2682 2373 2757 Alexander
2407 2682 2670 2756 timens
2689 2681 2894 2756 furo—

562 2822 718 2877 rem
748 2801 1087 2898 potentiae
1120 2802 1303 2895 eiuS,
1322 2802 1646 2898 confugit
1679 2802 2039 2897 venetias,
2068 2803 2191 2877 ubi
2229 2809 2656 2879 reverenter
2685 2820 2893 2877 rece-

560 2928 725 3017 ptus
766 2942 1053 2996 moram
1094 2921 1277 2997 fecit.
1320 2922 1545 2997 Cuius
1586 2922 1841 2997 favore
1875 2922 2454 2997 mediolanenses
2493 2920 2887 2997 reaedifica-

560 3049 829 3117 verunt
862 3062 1125 3117 eorum
1154 3042 1519 3118 civitatem
1550 3062 1910 3136 eversam,
1938 3064 2131 3117 anno
2160 3042 2445 3116 Domini
2471 3041 2889 3117 MCLXVIII.

560 3161 833 3237 Deinde
881 3162 1099 3255 paulo
1144 3168 1307 3257 post
1351 3162 1480 3257 ipsi
1528 3183 1703 3237 cum
1754 3162 2027 3237 auxilio
2076 3162 2693 3253 cremonensium,
2740 3161 2894 3257 pla·-

560 3281 1045 3375 centinorum,
1089 3287 1163 3355 et
1212 3282 1528 3355 aliorum
1579 3282 2137 3357 lombardorum
2186 3282 2598 3357 amicorum
2653 3283 2890 3357 eccle-

560 3402 706 3496 siae,
758 3401 1253 3507 fundaverunt
1305 3424 1571 3478 novam
1623 3401 1990 3478 civitatem
2044 3407 2296 3478 contra
2349 3402 2646 3498 Papiam
2699 3420 2900 3477 sem-

564 3544 695 3619 per
745 3523 1113 3600 inimicam
1168 3523 1544 3598 Mediolani
1597 3543 1766 3618 quae
1816 3523 2105 3598 faverat
2152 3522 2564 3617 Friderico;
2605 3531 2679 3598 et
2713 3524 2902 3598 hanc

564 3649 837 3718 terram
867 3643 939 3716 in
966 3650 1468 3738 contemptum
1498 3643 1737 3738 Papiae
1764 3642 2283 3718 Alexandriam
2310 3649 2782 3718 vocaverunt.
2809 3643 2900 3716 Et

562 3763 713 3836 dux
748 3762 1221 3839 venetiarum
1278 3785 1543 3864 magna
1596 3765 1829 3838 classe
1859 3763 2081 3860 gessit
2114 3763 2390 3839 bellum
2428 3767 2690 3840 navale
2726 3787 2899 3840 cum

564 3883 877 3958 Henrico
928 3883 1386 3979 imperatoris
1438 3884 1607 3978 filio,
1641 3903 1865 3978 quem
1912 3884 2183 3958 victum
2238 3889 2312 3958 et
2359 3892 2658 3980 captum
2693 3885 2902 3973 duxit

564 4002 922 4079 venetias.
974 4003 1387 4079 Fridericus
1428 4003 1703 4098 videnS,
1740 4005 2033 4080 fortuna
2086 4011 2395 4098 mutata,
2429 4025 2510 4079 se
2553 4005 2900 4079 continuo

563 4123 953 4218 declinare,
1006 4130 1081 4198 et
1128 4123 1625 4198 Alexandrum
1682 4124 1989 4198 exaltari
2023 4124 2278 4200 favore
2327 4124 2673 4200 Ludovici
2709 4123 2902 4220 regis

564 4241 909 4337 Franciae,
962 4249 1037 4317 et
1088 4241 1377 4317 Henrici
1419 4242 1613 4340 regis
1650 4243 1927 4340 Angliae
1959 4243 2216 4339 generi
2251 4244 2390 4338 sui,
2429 4249 2502 4320 et
2535 4243 2902 4318 Guilielmi

562 4362 816 4458 optimi
882 4362 1077 4458 regis
1140 4362 1419 4456 Siciliae,
1482 4369 1919 4438 venetorum
1980 4368 2054 4438 et
2121 4362 2700 4456 lombardorum,
2771 4383 2905 4458 per

566 4483 841 4579 legatos
890 4482 1091 4578 petiit
1142 4503 1396 4576 pacem
1436 4489 1509 4556 et
1542 4483 1857 4575 veniam,
1898 4489 1973 4557 et
2012 4483 2311 4558 veniens
2347 4483 2684 4558 venetias
2731 4503 2906 4578 proe

566 4603 735 4678 cidit
782 4603 874 4678 ad
922 4603 1143 4698 pedes
1192 4624 1418 4699 papae.
1457 4603 1683 4678 Cuius
1714 4603 1999 4699 gutturi
2035 4625 2220 4700 papa
2257 4604 2625 4700 applicans
2659 4603 2903 4700 pedeS,

564 4721 742 4796 dixit
790 4722 967 4796 illud
1015 4723 1439 4818 psalmistae:
1494 4728 1717 4816 Super
1764 4726 2079 4816 aspidem
2110 4733 2178 4798 et
2221 4725 2612 4798 basiliscam
2660 4725 2909 4797 ambu-

570 4844 745 4916 labis
772 4850 840 4915 et
866 4845 1299 4918 conculcabis
1347 4847 1611 4918 leonem
1650 4851 1717 4916 et
1746 4847 2145 4918 draconem.
2190 4846 2278 4918 Et
2321 4844 2767 4940 imperatore
2799 4844 2909 4920 di-

568 4968 817 5038 cente:
870 4983 1021 5038 non
1072 4963 1199 5040 tibi
1246 4965 1373 5040 sed
1424 4965 1676 5057 Petro;
1729 4984 1913 5060 papa
1951 4963 2352 5060 respondit:
2395 4984 2535 5060 ego
2571 4984 2736 5036 sum
2797 4965 2906 5038 vi-
