4392 6850
1408 982 1550 1048 260
2135 988 2545 1045 coMEN‘rUM
2592 989 3033 1045 Pnnouonu

1406 1137 1651 1233 storia,
1703 1157 1742 1211 e
1789 1157 1934 1210 non
1979 1137 2293 1228 sapendo
2343 1123 2417 1208 cd
2475 1136 2652 1210 dove
2710 1139 2776 1210 si
2829 1139 3043 1228 som,
3092 1135 3269 1230 quia
3332 1143 3757 1216 mutaverat

1407 1261 1690 1353 locum3
1742 1255 1939 1332 unde
1987 1253 2196 1330 dicit:
2250 1257 2537 1348 quando
2589 1257 2663 1329 la
2710 1257 2984 1348 madre,
3034 1255 3327 1352 scilicet,
3364 1257 3611 1332 Thetis
3662 1256 3756 1332 ti-

1407 1399 1614 1454 mens
1663 1376 2128 1474 praesagium,
2181 1367 2553 1470 tramfuyd
2598 1377 2721 1467 lui,
2756 1374 2963 1470 idest,
3000 1375 3271 1452 furtive
3294 1383 3378 1453 et
3411 1377 3752 1453 celeriter
3792 1393 3795 1398 ·

1403 1497 1792 1590 transtulit,
1847 1498 2261 1588 dormendo,
2310 1495 2519 1590 idest,
2570 1495 3083 1590 dormientem,
3132 1499 3209 1571 in
3259 1501 3323 1571 le
3368 1519 3491 1574 sue
3542 1498 3755 1572 brac-

1401 1621 1540 1710 oo'a,
1593 1639 1738 1692 non
1787 1616 2016 1692 fidens
2065 1615 2531 1692 committere
2580 1615 2791 1691 illum
2834 1617 3073 1711 alteri,
3106 1619 3206 1692 da
3254 1621 3573 1712 Chirone,
3608 1620 3751 1694 sci-

1401 1738 1590 1831 licet,
1641 1741 1999 1812 centauro
2051 1735 2419 1812 nutritore
2480 1757 2645 1831 suo,
2694 1758 2743 1810 a
2804 1739 3079 1829 Saltim,
3150 1737 3465 1814 insulam
3542 1738 3748 1814 Arci-

1401 1858 1664 1955 pelagi,
1741 1847 1814 1930 ld
1876 1859 2134 1950 dende,
2195 1855 2401 1951 idest,
2463 1856 2557 1932 de
2616 1878 2763 1950 qua
2830 1857 3093 1952 insula,
3152 1860 3203 1932 li
3260 1861 3458 1952 greci
3508 1862 3638 1953 poi
3698 1863 3755 1934 il

1402 1981 1781 2072 &pat-cire,
1821 1978 2094 2053 scilicet
2131 1977 2399 2074 Ulyxes
2435 1983 2511 2053 et
2543 1977 2953 2073 Diomedes,
2989 1978 3115 2073 qui
3156 1979 3532 2056 duxerunt
3568 2001 3743 2056 eum

1401 2099 1496 2174 ad
1546 2097 1953 2175 exercitum
2005 2117 2422 2194 graecorum
2474 2097 2569 2173 ad
2622 2103 2939 2174 mortem
2990 2097 3452 2193 destinatam,
3495 2121 3541 2176 a
3598 2121 3747 2195 qua

1401 2225 1642 2295 mater
1691 2219 1966 2293 frustra
2016 2217 2423 2292 conabatur
2472 2217 2793 2294 liberare
2842 2239 3062 2314 eum3
3104 2221 3225 2293 che
3274 2223 3371 2294 mi
3416 2223 3628 2294 scoss'
3650 2223 3748 2311 io,

1401 2341 1694 2437 scilicet,
1727 2361 1772 2416 a
1824 2360 2083 2414 somno
2115 2345 2195 2414 et
2228 2337 2566 2436 evigilavi
2600 2330 2701 2435 (⁴),
2736 2332 2797 2413 si
2847 2362 3041 2414 come
3070 2343 3127 2416 il
3154 2362 3379 2416 somno
3425 2344 3523 2416 mi
3546 2336 3747 2436 fuya}

1403 2465 1599 2538 dalla
1642 2463 1899 2556 faccia,
1937 2459 2108 2554 quia
2142 2459 2405 2555 aperui
2440 2461 2695 2534 oeulos
2748 2461 2951 2557 prius
3000 2463 3314 2558 clausos,
3354 2482 3394 2535 e
3442 2463 3745 2536 divencan:

1403 2587 1699 2673 εποντο,
1749 2580 2072 2656 novitate
2124 2580 2233 2655 rei
2297 2579 2650 2659 mirabilis
2724 2603 2769 2656 a
2846 2581 3085 2676 simili,
3138 2603 3330 2656 come
3380 2586 3465 2677 fa
3516 2585 3560 2656 Γ
3586 2604 3745 2658 uom

1399 2706 1520 2778 ohe
1549 2708 1958 2796 spaventato
1991 2703 2424 2793 ayyhiaoeia.
2462 2702 2549 2776 Et
2592 2701 2707 2777 hic
2733 2709 2907 2784 nota
2949 2710 3309 2799 quantum
3346 2707 3505 2780 haec
3536 2705 3744 2780 nobi-

1404 2823 1488 2898 lis
1527 2822 1979 2919 comparatio
2019 2829 2128 2898 est
2149 2813 2223 2915 (²)
2251 2821 2745 2919 propriissima
2785 2844 2917 2918 per
2954 2843 3215 2898 omnes
3254 2834 3499 2921 partes
3532 2847 3739 2900 suas:

1399 2943 1640 3020 Thetis
1691 2944 1887 3019 enim
1940 2943 2077 3019 dea
2132 2943 2447 3019 removit
2495 2943 2845 3019 Achillem
2907 2965 2952 3018 a
3013 2945 3328 3022 Chirone
3391 2947 3741 3045 magistro

1399 3088 1560 3162 suo,
1611 3073 1685 3142 et
1734 3065 2032 3140 domina
2082 3065 2218 3140 ista
2266 3065 2532 3159 divina,
2583 3065 2855 3140 scilicet
2904 3065 3131 3142 Lucia
3181 3067 3497 3143 removit
3546 3067 3740 3142 Dan·-

1397 3194 1550 3263 tem
1599 3208 1648 3262 a
1697 3185 1994 3282 Virgilio
2045 3184 2400 3282 magistro
2452 3206 2613 3280 suo,
2650 3186 2777 3280 qui
2830 3185 3017 3261 sicut
3054 3185 3323 3262 Chiron
3358 3187 3561 3262 novit
3609 3208 3740 3260 na-

1401 3315 1604 3383 turas
1663 3327 2055 3402 equorum,
2117 3305 2545 3401 bestiarum,
2606 3307 2992 3401 arborum,
3059 3307 3489 3403 herbarum,
3554 3307 3740 3382 sicut

1394 3433 1595 3525 patet
1643 3446 1734 3501 ex
1788 3426 1976 3500 libro
2026 3424 2565 3520 Bucolicorum,
2603 3427 2741 3499 sub
2793 3447 2942 3521 quo
2993 3428 3263 3503 Dantes
3310 3427 3555 3504 didicit
3603 3448 3740 3501 no-

1393 3548 1575 3623 biles
1627 3566 1896 3640 moreS,
1947 3546 2136 3621 sicut
2183 3545 2493 3621 Achilles
2542 3545 2682 3621 sub
2732 3546 3085 3642 Chirone3
3132 3552 3212 3623 et
3258 3547 3451 3623 sicut
3502 3553 3739 3622 mater

1393 3666 1680 3743 Achillis
1713 3666 1991 3741 solicita
2024 3664 2116 3740 de
2143 3666 2379 3741 salute
2414 3665 2561 3761 filii,
2589 3686 2683 3741 ne
2710 3666 2850 3742 iret
2873 3667 3279 3743 moriturus
3302 3669 3397 3743 ad
3422 3668 3738 3762 Troiam,

1393 3786 1761 3864 transtulit
1809 3786 2049 3883 ipsum
2101 3786 2194 3862 de
2244 3787 2496 3883 pulcra
2551 3808 2871 3863 caverna
2920 3788 3013 3863 ad
3064 3790 3311 3865 locum
3366 3796 3612 3864 tutum
3659 3795 3737 3865 et

1393 3909 1767 4005 quietum3
1817 3908 1919 3983 ita
1961 3908 2095 3982 ista
2131 3907 2250 4003 pia
2290 3914 2527 3983 mater
2560 3908 2784 3984 Lucia
2823 3908 3099 3985 solicita
3131 3908 3227 3985 de
3264 3911 3501 3985 salute
3532 3908 3737 3983 istius

1390 4030 1537 4125 filii,
1573 4050 1670 4105 ne
1717 4028 1859 4105 iret
1909 4027 2319 4106 moriturus
2362 4028 2457 4103 ad
2492 4030 2967 4125 voluptatem,
3011 4030 3379 4106 transtulit
3418 4051 3594 4106 eum
3644 4028 3735 4105 ad

1389 4150 1634 4225 locum
1687 4155 1934 4226 tutum
1969 4155 2046 4224 et
2083 4149 2451 4223 munitum
2488 4149 2917 4246 purgatorii.
2954 4150 3043 4224 Et
3074 4151 3261 4225 sicut
3300 4150 3734 4225 fortissimus

1388 4271 1698 4346 Achilles
1723 4269 2074 4367 evigilans
2105 4276 2223 4343 stu
2230 4270 2557 4366 peractus
2589 4275 2700 4344 est
2738 4276 2933 4344 totus
2960 4270 3213 4347 videns
3240 4271 3491 4347 omnia
3518 4292 3730 4365 nova,

1389 4398 1464 4466 et
1513 4392 1745 4466 factus
1795 4397 1906 4466 est
1957 4412 2235 4486 novus3
2270 4392 2370 4466 ita
2406 4390 2947 4466 valentissimus
2981 4399 3195 4489 poeta
3236 4394 3505 4469 Dentes
3541 4400 3733 4470 totus

1387 4517 1497 4587 est
1543 4512 1895 4586 attonitus
1923 4502 2022 4605 (³).
2051 4518 2297 4585 —Da
2342 4515 2507 4586 lato,
2552 4512 2682 4587 llic
2730 4520 2948 4607 poeta
3000 4514 3315 4589 ostendit
3364 4514 3733 4609 quomodo

1385 4633 1460 4707 in
1511 4640 1712 4709 tanto
1762 4634 1984 4709 dubio
2037 4632 2261 4710 fuerit
2311 4633 2789 4709 confirmatus
2843 4656 2893 4710 a
2958 4634 3255 4733 Virgilio
3313 4634 3515 4711 -sicut
3576 4640 3735 4711 erat

1384 4752 1636 4827 solitus
1686 4754 1760 4826 in
1819 4754 2018 4829 omni
2082 4761 2372 4829 terrore
2402 4742 2498 4846 (⁸).
2554 4753 2761 4831 Unde
2823 4754 3039 4830 dicit:
3106 4760 3225 4829 Da
3282 4758 3429 4829 lato
3490 4758 3581 4829 m’
3606 4776 3735 4829 em

1383 4876 1533 4945 sobo
1581 4874 1639 4945 il
1684 4875 1824 4946 mio
1873 4878 2223 4968 conforto,
2276 4873 2567 4969 scilicet,
2612 4874 2956 4971 Virgilius
2990 4876 3117 4970 qui
3160 4882 3459 4951 secutus
3492 4876 3731 4951 fuerat

1503 5058 1562 5117 (¹)
1593 5057 1656 5107 Ε.
1689 5057 1915 5122 vlgilavl.
2538 5058 2594 5123 (¹)
2630 5064 2738 5123 117,
2771 5066 2850 5112 est
2882 5062 3193 5115 nobilissima
3219 5067 3281 5113 et
3310 5061 3677 5126 propi-iluimu-

1508 5133 1561 5195 (⁸)
1596 5136 1703 5193 117,
1736 5134 1985 5187 attonitus
2015 5141 2072 5187 et
2101 5140 2350 5191 matus.
2537 5136 2590 5199 (⁸)
2624 5136 2685 5187 E.
2720 5140 2925 5189 terrore
2956 5136 3270 5191 confirmari.
3302 5137 3465 5189 Unde.
